% Encoding: UTF-8
@Book{Abelson1984,
	Owner = {YKY},
	Publisher = {MIT},
	Timestamp = {2011.05.21},
	Url = {http://mitpress.mit.edu/sicp/},
	author = {Abelson, and Sussman,},
	title = {Structure and interpretation of computer programs},
	year = {1984},
}

@Article{Akman1996,
	Owner = {yky},
	Timestamp = {2009.05.28},
	author = {Akman, and Surav, and Giunchiglia,},
	title = {Steps toward formalizing context},
	journal = {AI magazine},
	volume = {17},
	pages = {55-72},
	year = {1996},
}

@Book{Anashin2009,
	Owner = {yky},
	Publisher = {de Gruyter},
	Timestamp = {2016.10.02},
	author = {Anashin, Vladimir and Khrennikov, Andrei},
	title = {Applied algebraic dynamics},
	year = {2009},
}

@Inbook{Andreka2001,
	Chapter = {Algebraic logic},
	Owner = {YKY},
	Publisher = {Springer},
	Timestamp = {2012.03.26},
	author = {Andreka, and Nemeti, and Sain,},
	title = {Handbook of philosophical logic},
	pages = {133-247},
	year = {2001},
}

@Inbook{Arel2012,
	Chapter = {6},
	Editor = {Goertzel, and Wang,},
	Owner = {yky},
	Publisher = {Atlantis Press},
	Timestamp = {2016.09.14},
	author = {Arel, Itamar},
	title = {Deep reinforcement learning as Foundations for Artificial Intelligence},
	pages = {89-102},
	year = {2012},
}

@Book{Baader1998,
	Owner = {YKY},
	Timestamp = {2012.03.22},
	author = {Baader, and Nipkow,},
	title = {Term rewriting and all that},
	year = {1998},
}

@Article{Bader2007,
	Owner = {yky},
	Timestamp = {2016.09.16},
	author = {Bader, and Hitzler, and H{\"{o}}dobler, and Witzel,},
	title = {The Core Method: Connectionist model generation for First-order logic programs},
	journal = {Studies in Computational Intelligence 77, 205-232},
	year = {2007},
}

@Article{Bar-Hillel1954,
	Owner = {Administrator},
	Timestamp = {2012.11.25},
	author = {Bar-Hillel,},
	title = {Logical syntax and semantics},
	journal = {Language},
	volume = {30(2)},
	pages = {230-237},
	year = {1954},
}

@Book{Barr1990,
	Owner = {Administrator},
	Publisher = {Prentice Hall},
	Timestamp = {2012.07.13},
	author = {Barr, and Wells,},
	title = {Category theory for computer science},
	year = {1990},
}

@Book{Baum2004,
	Owner = {yky},
	Publisher = {MIT press},
	Timestamp = {2009.05.28},
	author = {Baum,},
	title = {What is thought?},
	year = {2004},
}

@Book{Bergadano1996,
	Owner = {yky},
	Publisher = {MIT},
	Timestamp = {2009.06.14},
	author = {Bergadano, and Gunetti,},
	title = {Inductive logic programming - from machine learning to software engineering},
	year = {1996},
}

@Book{Bergmann2008,
	Owner = {YKY},
	Publisher = {Cambridge university press},
	Timestamp = {2008.08.31},
	author = {Bergmann,},
	title = {An Introduction to Many-Valued and Fuzzy Logic},
	year = {2008},
}

@Article{Bier1993,
	Owner = {YKY},
	Timestamp = {2008.07.15},
	author = {Bier,},
	title = {When uncertainty is irrelevant to expected utility decision making},
	journal = {Uncertainty Modeling and Analysis, 1993. Proceedings., Second International Symposium on},
	pages = {401-407},
	year = {1993},
}

@Book{Boole1854,
	Owner = {YKY},
	Publisher = {Walton and Maberley, London (reprint Dover, New York, 1958) },
	Timestamp = {2008.07.12},
	author = {Boole,},
	title = {An investigation of the laws of thought, on which are founded the mathematical theories of logic and probabilities},
	year = {1854},
}

@Book{Boole1847,
	Owner = {Administrator},
	Timestamp = {2013.03.09},
	author = {Boole,},
	title = {The mathematical analysis of logic, being an essay towards a calculus of deductive reasoning},
	year = {1847},
}

@InCollection{Bosc1997,
	BookTitle = {Uncertainty in Information Systems: From needs to solutions},
	Editor = {Smets, Motro \&.},
	Owner = {YKY},
	Publisher = {Kluwer, Boston, MA. },
	Timestamp = {2008.07.12},
	author = {Bosc, and Prade,},
	title = {An introduction to the fuzzy set and possibility theory-based treatment of flexible queries and uncertain or imprecise databases},
	pages = {285-324},
	year = {1997},
}

@Book{Brachman2004,
	Publisher = {Morgan Kaufmann},
	author = {Brachman, and Levesque,},
	title = {Knowledge representation and reasoning},
	year = {2004},
}

@Book{Bratman1987,
	Owner = {yky},
	Timestamp = {2009.05.25},
	author = {Bratman,},
	title = {Intentions, plans, and practical reason},
	year = {1987},
}

@Article{Bratman1988,
	Owner = {yky},
	Timestamp = {2009.05.25},
	author = {Bratman, and Israel, and Pollack,},
	title = {Plans and resource-bounded practical reasoning},
	journal = {Computational intelligence},
	volume = {4},
	pages = {349-355},
	year = {1988},
}

@Article{Browne2001,
	Owner = {yky},
	Timestamp = {2015.06.08},
	author = {Browne, and Sun,},
	title = {Connectionist inference models},
	journal = {Neural networks 14},
	year = {2001},
}

@Article{Campbell1974,
	Owner = {YKY},
	Timestamp = {2008.08.24},
	author = {Campbell,},
	title = {The Sorites Paradox},
	journal = {Philosophical Studies},
	volume = {26},
	pages = {175-91},
	year = {1974},
}

@Book{Cann1993,
	Owner = {Administrator},
	Publisher = {Cambridge},
	Timestamp = {2012.07.13},
	author = {Cann,},
	title = {Formal semantics - an introduction},
	year = {1993},
}

@Book{Chandru1999,
	Owner = {yky},
	Publisher = {Wiley interscience},
	Timestamp = {2009.04.28},
	author = {Chandru, and Hooker,},
	title = {Optimization methods for logical inference},
	year = {1999},
}

@Inbook{Chater2005,
	Chapter = {15 "A minimal description length principle for perception"},
	Editor = {Grunwald,},
	Owner = {yky},
	Publisher = {MIT},
	Timestamp = {2009.06.06},
	author = {Chater,},
	title = {Advances in minimum description length},
	pages = {385},
	year = {2005},
}

@Article{Coecke2010,
	Owner = {yky},
	Timestamp = {2015.07.08},
	author = {Coecke, and Sadrzadeh, and Clark,},
	title = {Mathematical foundations for distributed compostional model of meaning},
	journal = {Linguistic Analysis 36, 345-384},
	year = {2010},
}

@Article{Constantini2002,
	Owner = {yky},
	Timestamp = {2009.05.28},
	author = {Constantini,},
	title = {Meta-reasoning: a survey},
	journal = {Computational logic: logic programming and beyond, LNCS},
	volume = {2408},
	pages = {65},
	year = {2002},
}

@Book{Conway1971,
	Owner = {Administrator},
	Publisher = {Chapman and Hall},
	Timestamp = {2012.08.05},
	author = {Conway,},
	title = {Regular algebra and finite machines},
	year = {1971},
}

@Article{Courbariaux2015,
	Bibsource = {dblp computer science bibliography, http://dblp.org},
	Biburl = {http://dblp.uni-trier.de/rec/bib/journals/corr/CourbariauxBD15},
	__markedentry = {[yky:]},
	Owner = {yky},
	Timestamp = {Wed, 07 Jun 2017 14:42:24 +0200},
	Url = {http://arxiv.org/abs/1511.00363},
	author = {Courbariaux, Matthieu and Bengio, Yoshua and David, Jean-Pierre},
	title = {BinaryConnect: Training Deep Neural Networks with binary weights during propagations},
	journal = {CoRR},
	volume = {abs/1511.00363},
	year = {2015},
}

@Book{Cowell1999,
	Owner = {yky},
	Publisher = {Springer},
	Timestamp = {2009.11.07},
	author = {Cowell, and Dawid, and Lauritzen, and Spiegelhalter,},
	title = {Probabilistic networks and expert systems},
	year = {1999},
}

@Book{Cox2007,
	Owner = {yky},
	Publisher = {Springer},
	Timestamp = {2017.12.29},
	author = {Cox, David and Little, John and O{'}Shea, Donal},
	title = {Ideals, varieties, and algorithms {--} an Introduction to computational algebraic geometry and commutative algebra},
	year = {2007},
}

@Book{Craig1974,
	Owner = {YKY},
	Publisher = {North-Holland},
	Timestamp = {2012.03.26},
	author = {Craig,},
	title = {Logic in algebraic form},
	year = {1974},
}

@Book{Crole1993,
	Owner = {yky},
	Publisher = {Cambridge},
	Timestamp = {2018.02.02},
	author = {Crole, Roy},
	title = {Categories for types},
	year = {1993},
}

@Book{Curien1993,
	Owner = {Administrator},
	Publisher = {Birkhauser},
	Timestamp = {2012.07.13},
	author = {Curien,},
	title = {Categorical combinators, sequential algorithms, and functional programming},
	year = {1993},
}

@Article{Curry1930,
	Owner = {Administrator},
	Timestamp = {2012.07.12},
	author = {Curry,},
	title = {Grundlagen der kombinatorischen Logik},
	journal = {Amer J Math},
	volume = {52},
	pages = {509-536},
	year = {1930},
}

@Article{Defferrard2016,
	Bibsource = {dblp computer science bibliography, http://dblp.org},
	Biburl = {http://dblp.uni-trier.de/rec/bib/journals/corr/DefferrardBV16},
	Owner = {yky},
	Timestamp = {Wed, 07 Jun 2017 14:42:29 +0200},
	Url = {http://arxiv.org/abs/1606.09375},
	author = {Defferrard, Micha{\"{e}}l and Bresson, Xavier and Vandergheynst, Pierre},
	title = {Convolutional Neural Networks on Graphs with Fast Localized Spectral Filtering},
	year = {2016},
}

@Book{Doets1996,
	Owner = {yky},
	Publisher = {CSLI notes},
	Timestamp = {2016.09.15},
	author = {Doets, Kees},
	title = {Basic model theory},
	year = {1996},
}

@Article{Domingos2008,
	Owner = {yky},
	Timestamp = {2009.04.28},
	author = {Domingos, and Poon, and Sumner,},
	title = {A general method for reducing the complexity of relational inference and its application to MCMC},
	journal = {Proceedings of the 23th AAAI conference on AI},
	pages = {1075-1080},
	year = {2008},
}

@InCollection{Domingos2007,
	BookTitle = {Statistical relational learning},
	Editor = {Getoor, and Taskar,},
	Owner = {YKY},
	Publisher = {MIT},
	Timestamp = {2008.07.12},
	author = {Domingos, and Richardson,},
	title = {Markov logic: a unifying framework for statistical relational learning},
	year = {2007},
}

@Article{Driessens2005,
	Publisher = {IOS Press},
	author = {Driessens, K.},
	title = {Relational reinforcement learning},
	journal = {AI Communications},
	volume = {18},
	number = {1},
	pages = {71-73},
	year = {2005},
}

@Book{Dubois1988,
	Publisher = {Plenum Press, New York},
	author = {Dubois, and Prade,},
	title = {Possibility Theory: An Approach to Computerized Processing of Uncertainty},
	year = {1988},
}

@Article{Dzeroski1998,
	Owner = {yky},
	Timestamp = {2009.06.05},
	author = {Dzeroski, and Raedt, de and Blockeel,},
	title = {Relational reinforcement learning},
	journal = {Proceedings of the 15th international conference of machine learning},
	pages = {136-143},
	year = {1998},
}

@Article{Dzeroski2001,
	Owner = {yky},
	Timestamp = {2009.06.05},
	author = {Dzeroski, and Raedt, de and Driessens,},
	title = {Relational reinforcement learning},
	journal = {Machine learning},
	volume = {43},
	pages = {7-52},
	year = {2001},
}

@Article{Edgington1992,
	Owner = {YKY},
	Timestamp = {2008.08.24},
	author = {Edgington,},
	title = {Validity, Uncertainty and Vagueness},
	journal = {Analysis},
	volume = {52},
	pages = {193-204},
	year = {1992},
}

@Book{Eilenberg1974,
	Owner = {Administrator},
	Publisher = {Academic Press},
	Timestamp = {2012.07.30},
	author = {Eilenberg,},
	title = {Automata, languages and machine - vol A},
	year = {1974},
}

@Inbook{Engeler1995,
	Chapter = {Historical and philosophical background},
	Owner = {Administrator},
	Publisher = {Birkhauser},
	Timestamp = {2012.07.13},
	author = {Engeler,},
	title = {The combinatory programme},
	pages = {1-12},
	year = {1995},
}

@Article{Fernando2017,
	Bibsource = {dblp computer science bibliography, http://dblp.org},
	Biburl = {http://dblp.uni-trier.de/rec/bib/journals/corr/FernandoBBZHRPW17},
	Owner = {yky},
	Timestamp = {Wed, 07 Jun 2017 14:42:32 +0200},
	Url = {http://arxiv.org/abs/1701.08734},
	author = {Fernando, Chrisantha and Banarse, Dylan and Blundell, Charles and Zwols, Yori and Ha, David and Rusu, Andrei A. and Pritzel, Alexander and Wierstra, Daan},
	title = {PathNet: Evolution Channels Gradient Descent in Super Neural Networks},
	journal = {CoRR},
	volume = {abs/1701.08734},
	year = {2017},
}

@Article{Fine1975,
	Comment = {reprinted in Keefe and Smith 1997, Vagueness: a reader, p119-50, MIT Press},
	Owner = {YKY},
	Timestamp = {2008.08.24},
	author = {Fine,},
	title = {Vagueness, Truth and Logic},
	journal = {Synthese},
	volume = {30},
	pages = {265-300},
	year = {1975},
}

@Book{Flach2000,
	Publisher = {Kluwer Academic Publishers},
	author = {Flach, and Kakas,},
	title = {Abduction and Induction: Essays on their relation and integration},
	year = {2000},
}

@Book{Frege1879,
	Owner = {Administrator},
	Publisher = {Halle},
	Timestamp = {2012.07.13},
	author = {Frege,},
	title = {Begriffsschrift: eine der arithmetischen nachgebildete Formelsprache des reinen Denkens ("Concept-notation: a formula language, modeled on that of arithmetic, of pure thought")},
	year = {1879},
}

@Book{Freitas2002,
	Owner = {YKY},
	Publisher = {Springer},
	Timestamp = {2008.08.31},
	author = {Freitas,},
	title = {Data Mining and Knowledge Discovery with Evolutionary Algorithms},
	year = {2002},
}

@Book{Garcez2009,
	Owner = {yky},
	Publisher = {Springer},
	Timestamp = {2009.04.28},
	author = {Garcez, and Lamb, and Gabbay,},
	title = {Neural-symbolic cognitive reasoning},
	year = {2009},
}

@Book{Gardenfors2004,
	Owner = {Administrator},
	Publisher = {Bradford},
	Timestamp = {2012.07.13},
	author = {Gardenfors,},
	title = {Conceptual spaces: the geometry of thought},
	year = {2004},
}

@Book{Gartner2008,
	Owner = {yky},
	Publisher = {World scientific},
	Timestamp = {2009.05.28},
	author = {Gartner,},
	title = {Kernels for structured data},
	year = {2008},
}

@Article{Getoor2001,
	Owner = {yky},
	Timestamp = {2009.11.02},
	author = {Getoor, and Friedman, and Koller, and Pfeffer,},
	title = {Learning probabilistic relational models},
	journal = {Journal of relational data mining},
	pages = {307-335},
	year = {2001},
}

@InCollection{Getoor2007a,
	BookTitle = {Statistical relational learning},
	Owner = {YKY},
	Publisher = {MIT},
	Timestamp = {2008.07.12},
	author = {Getoor, and Friedman, and Koller, and Pfeffer, and Taskar,},
	title = {Probabilistic relational models},
	year = {2007},
}

@Book{Gilmore2011,
	Owner = {yky},
	Publisher = {Wiley-VCH},
	Timestamp = {2016.09.15},
	author = {Gilmore, Robert and Lefranc, Marc},
	title = {The topology of chaos: Alice in stretch and squeezeland},
	year = {2011},
}

@Article{Goertzel2012,
	Owner = {Administrator},
	Timestamp = {2013.03.24},
	author = {Goertzel,},
	title = {Perception processing for general intelligence: bridging the symbolic / subsymbolic gap},
	journal = {5th AGI international conference},
	year = {2012},
}

@Article{Goertzel2011a,
	Owner = {Administrator},
	Timestamp = {2012.07.13},
	author = {Goertzel, and Ikle,},
	title = {Three hypotheses about the geometry of mind},
	journal = {LNCS 6830, Artificial General Intelligence},
	pages = {340-345},
	year = {2011},
}

@Book{Goertzel2008,
	Owner = {YKY},
	Publisher = {Springer},
	Timestamp = {2008.07.12},
	author = {Goertzel, and Ikle, and Heljakka,},
	title = {Probabilistic logic networks {--} A Comprehensive Framework for Uncertain Inference},
	year = {2008},
}

@Book{Goertzel2007,
	Owner = {YKY},
	Publisher = {Springer},
	Timestamp = {2008.07.12},
	author = {Goertzel, and Pennachin,},
	title = {Artificial general intelligence},
	year = {2007},
}

@Misc{Goertzel2011,
	Author:corp = {OpenCog Foundation},
	Owner = {Administrator},
	Timestamp = {2012.07.13},
	Url = {http://wiki.opencog.org/w/Building_Better_Minds},
	author = {Goertzel, and Pennachin, and Geisweiller,},
	title = {Building better minds: engineering beneficial general intelligence},
	year = {2011},
}

@Article{Goguen1989,
	Owner = {Administrator},
	Timestamp = {2012.07.13},
	author = {Goguen,},
	title = {What is unification - a categorical view of substitution, equation and solution},
	journal = {Resolution of equations in algebraic structures},
	volume = {1: algebraic techniques},
	pages = {217-261},
	year = {1989},
}

@Book{Golan2003,
	Owner = {Administrator},
	Publisher = {Kluwer},
	Timestamp = {2012.07.30},
	author = {Golan,},
	title = {Semirings and affine equations over them - theory and applications},
	year = {2003},
}

@Book{Golan1992,
	Owner = {Administrator},
	Publisher = {Longman},
	Timestamp = {2012.07.30},
	author = {Golan,},
	title = {The theory of semirings with applications in mathematics and theoretical computer science},
	year = {1992},
}

@Book{Gondran2008,
	Owner = {Administrator},
	Publisher = {Springer},
	Timestamp = {2012.07.30},
	author = {Gondran, and Minoux,},
	title = {Graphs, dioids and semirings - new models and algorithms},
	year = {2008},
}

@Book{Grenander2007,
	Owner = {YKY},
	Publisher = {OUP},
	Timestamp = {2011.05.21},
	author = {Grenander, and Miller,},
	title = {Pattern theory: from representation to inference},
	year = {2007},
}

@InCollection{Haddawy1994,
	BookTitle = {Proceedings of the 10th Conference on Uncertainty in Artificial Intelligence},
	Owner = {YKY},
	Timestamp = {2008.07.12},
	author = {Haddawy,},
	title = {Generating Bayesian networks from probability logic knowledge bases},
	year = {1994},
}

@InCollection{Hailperin1965,
	BookTitle = {American Mathematical Monthly},
	Owner = {YKY},
	Timestamp = {2008.07.12},
	author = {Hailperin,},
	title = {Best possible inequalities for the probability of a logical function of events},
	volume = {72},
	pages = {343-359},
	year = {1965},
}

@Book{Halmos1998,
	Owner = {YKY},
	Publisher = {Math Asso of America},
	Timestamp = {2012.03.26},
	author = {Halmos,},
	title = {Logic as algebra},
	year = {1998},
}

@Book{Halmos1962,
	Owner = {YKY},
	Publisher = {Chelsea},
	Timestamp = {2012.03.26},
	author = {Halmos,},
	title = {Algebraic logic},
	year = {1962},
}

@Article{Hansen2000,
	Owner = {YKY},
	Timestamp = {2008.07.12},
	author = {Hansen, and Jaumard, and Aragao, de and Chauny, and Perron,},
	title = {Probabilistic satisfiability with imprecise probabilities},
	journal = {International Journal of Approximate Reasoning},
	volume = {24},
	pages = {171-189},
	year = {2000},
}

@Book{Haykin2012,
	Owner = {yky},
	Publisher = {Cambridge Univ Press},
	Timestamp = {2017.01.10},
	author = {Haykin, Simon},
	title = {Cognitive dynamic systems},
	year = {2012},
}

@Book{Haykin2003,
	Owner = {yky},
	Publisher = {John Wiley \& Sons},
	Timestamp = {2017.01.10},
	author = {Haykin, Simon and Veen, Barry van},
	title = {Signals and systems},
	year = {2003},
}

@Book{Hebisch1998,
	Owner = {Administrator},
	Publisher = {World Scientific},
	Timestamp = {2012.07.30},
	author = {Hebisch, and Weinert,},
	title = {Semirings - algebraic theory and applications in computer science},
	year = {1998},
}

@Inbook{Heckerman2007,
	Chapter = {7: Probabilistic entity-relationship models, PRMs, and plate models},
	Owner = {YKY},
	Publisher = {MIT},
	Timestamp = {2011.10.28},
	author = {Heckerman, and Meek, and Koller,},
	title = {Statistical relational learning},
	year = {2007},
}

@Book{Hedman2004,
	Owner = {yky},
	Publisher = {Oxford},
	Timestamp = {2016.10.05},
	author = {Hedman, Shawn},
	title = {A first course in logic},
	year = {2004},
}

@Misc{Hobbs2003,
	Author:corp = {USC/ISI},
	Chapter = {Interpretation as abduction},
	Month = {nov},
	Owner = {Administrator},
	Pages = {Ch 3},
	Timestamp = {2012.07.12},
	Url = {http://www.isi.edu/~hobbs/disinf-tc.html},
	author = {Hobbs,},
	title = {interpretation as abduction, in book "Discourse and Inference"},
	year = {2003},
}

@InProceedings{Hobbs1988,
	Author:corp = {Association for Computational Linguistics},
	BookTitle = {Proceedings of the 26th annual meeting on Association for Computational Linguistics},
	author = {Hobbs, Jerry R. and Stickel, Mark and Martin, Paul and Edwards, Douglas},
	title = {Interpretation as abduction},
	pages = {95-103},
	year = {1988},
}

@Book{Holland1986,
	Publisher = {Mit Press Cambridge, Mass},
	author = {Holland, and Holyoak, and Nisbett, and Thagard,},
	title = {Induction},
	year = {1986},
}

@Book{Holldobler1989,
	Owner = {YKY},
	Publisher = {Springer-Verlag},
	Timestamp = {2012.03.22},
	author = {Holldobler,},
	title = {Foundations of equational logic programming},
	year = {1989},
}

@Article{Huet1975,
	Owner = {YKY},
	Timestamp = {2011.08.12},
	author = {Huet,},
	title = {Unification in typed lambda-calculus},
	journal = {Conference on lambda-calculus and theoretical computer science, Roma, March 1975},
	volume = {LNCS 37},
	pages = {192-212},
	year = {1975},
}

@Article{Huet1978,
	Owner = {YKY},
	Timestamp = {2011.08.12},
	author = {Huet, and Lang,},
	title = {Proving and applying program transformations expressed with second-order patterns},
	journal = {Acta informatica},
	volume = {11:1},
	pages = {31-55},
	year = {1978},
}

@Book{Iovino2002,
	Owner = {yky},
	Publisher = {Dover},
	Timestamp = {2016.10.02},
	author = {Iovino, Jos{\'{e}}},
	title = {Applications of model theory to functional analysis},
	year = {2002},
}

@Misc{Ireson-Paine2000,
	Month = {jun},
	Owner = {yky},
	Timestamp = {2017.12.29},
	Url = {http://www.j-paine.org/generalisation.html},
	author = {Ireson-Paine, Jocelyn},
	title = {Generalisation is an adjunction},
	year = {2000},
}

@Book{Ivancevic2006,
	Owner = {yky},
	Publisher = {Springer},
	Timestamp = {2017.01.11},
	author = {Ivancevic, Vladimir and Ivancevic, Tijana},
	title = {Geometrical dynamics of complex systems: a unified modeling approach to physics, control, biomechanics, neurodynamics and psycho-socio-economical dynamics},
	year = {2006},
}

@Book{Jacobs1999,
	Owner = {YKY},
	Publisher = {Elsevier},
	Timestamp = {2017.01.26},
	author = {Jacobs, Bart},
	title = {Categorical logic and type theory},
	year = {1999},
}

@Article{Jaeger1997,
	Owner = {YKY},
	Timestamp = {2008.07.12},
	author = {Jaeger,},
	title = {Relational Bayesian networks},
	journal = {Proceedings of the conference on uncertainty in artificial intelligence},
	year = {1997},
}

@Unpublished{Jaumard2006,
	Note = {preprint submitted to Elsevier},
	Owner = {YKY},
	Timestamp = {2008.07.12},
	author = {Jaumard, and Parreira,},
	title = {An anytime deduction algorithm for the probabilistic logic and entailment problems},
	year = {2006},
}

@Book{Jensen2007,
	Owner = {yky},
	Publisher = {Springer},
	Timestamp = {2009.10.15},
	author = {Jensen, and Nielsen,},
	title = {Bayesian networks and decision graphs, 2nd edition},
	year = {2007},
}

@Book{Johnson-Laird1983,
	Owner = {YKY},
	Publisher = {Harvard University Press},
	Timestamp = {2008.08.31},
	author = {Johnson-Laird,},
	title = {Mental Models},
	year = {1983},
}

@Book{Keefe2000,
	Owner = {YKY},
	Publisher = {Cambridge university press},
	Timestamp = {2008.08.24},
	author = {Keefe,},
	title = {Theories of Vagueness},
	year = {2000},
}

@InProceedings{Keisler2008,
	BookTitle = {Ultrafilters across mathematics, ULTRAMATH 2008},
	Owner = {yky},
	Timestamp = {2016.10.02},
	author = {Keisler, H. Jerome},
	title = {The ultraproduct construction},
	year = {2008},
}

@Inbook{Kenevan1992,
	Chapter = {A model theoretic approach to propositional fuzzy logic using Beth Tableaux},
	Owner = {YKY},
	Publisher = {John Wiley \& Sons, Inc. New York, NY, USA},
	Timestamp = {2008.08.23},
	author = {Kenevan, and Neapolitan,},
	title = {Fuzzy logic for the management of uncertainty},
	pages = {141-157},
	year = {1992},
}

@InCollection{Kersting2000,
	BookTitle = {Work-in-progress reports of the 10th international conference on inductive logic programming (ILP 2000)},
	Editor = {Frisch, Cussens \&.},
	Owner = {YKY},
	Timestamp = {2008.07.12},
	Url = {http://SunSITE.Informatik.RWTH-Aachen.DE/Publications/CEUR-WS/Vol-35/},
	author = {Kersting, and Raedt, de},
	title = {Bayesian logic programs},
	year = {2000},
}

@Article{Kipf2016,
	Bibsource = {dblp computer science bibliography, http://dblp.org},
	Biburl = {http://dblp.uni-trier.de/rec/bib/journals/corr/KipfW16},
	Owner = {yky},
	Timestamp = {Wed, 07 Jun 2017 14:41:59 +0200},
	Url = {http://arxiv.org/abs/1609.02907},
	author = {Kipf, Thomas N. and Welling, Max},
	title = {Semi-Supervised Classification with Graph Convolutional Networks},
	year = {2016},
}

@Article{Konstantopoulos2008,
	Publisher = {Information Science Reference},
	author = {Konstantopoulos, S. and Camacho, R. and Fonseca, N. A. and Costa, V. S.},
	title = {Induction as a Search Procedure},
	journal = {Artificial Intelligence for Advanced Problem Solving Techniques},
	pages = {166},
	year = {2008},
}

@Book{Kruse1987,
	Owner = {yky},
	Publisher = {Reidel Publishing Company},
	Timestamp = {2009.10.15},
	author = {Kruse, and Meyer,},
	title = {Statistics with vague data},
	year = {1987},
}

@Article{Kschischang2001,
	Owner = {YKY},
	Timestamp = {2011.08.07},
	author = {Kschischang,},
	title = {Factor graphs and the sum-product algorithm},
	year = {2001},
}

@Book{Kuich1986,
	Owner = {Administrator},
	Publisher = {Springer},
	Timestamp = {2012.07.30},
	author = {Kuich, and Salomaa,},
	title = {Semirings, automata, languages},
	year = {1986},
}

@Book{Kurzweil2005,
	Publisher = {Viking},
	author = {Kurzweil, R.},
	title = {The singularity is near: When humans transcend biology},
	year = {2005},
}

@Book{Lakoff1987,
	Owner = {YKY},
	Publisher = {University of Chicago Press},
	Timestamp = {2008.08.25},
	author = {Lakoff,},
	title = {Women, Fire, and Dangerous Things - what categories reveal about the mind},
	year = {1987},
}

@Book{Lambek2008,
	Owner = {Administrator},
	Publisher = {Polimetrica},
	Timestamp = {2013.03.09},
	author = {Lambek,},
	title = {From word to sentence: a computational algebraic approach to grammar},
	year = {2008},
}

@Article{Lambek1958,
	Owner = {Administrator},
	Timestamp = {2012.11.25},
	author = {Lambek,},
	title = {The mathematics of sentence structure},
	journal = {American mathematical monthly},
	pages = {154-170},
	year = {1958},
}

@Book{Lambek1986,
	Owner = {yky},
	Publisher = {Cambridge},
	Timestamp = {2018.02.02},
	author = {Lambek, and Scott,},
	title = {Introduction to higher order categorical logic},
	year = {1986},
}

@InProceedings{Lambek1988,
	BookTitle = {Algebraic logic},
	Chapter = {Categorical versus algebraic logic},
	Editor = {Andr{\'{e}}ka, and Monk, and N{\'{e}}meti,},
	Owner = {YKY},
	Publisher = {North-Holland},
	Timestamp = {2017.01.26},
	author = {Lambek, Joachim},
	title = {Categorical versus algebraic logic},
	pages = {351-360},
	year = {1988},
}

@Inbook{Langley1993,
	Chapter = {10, A unified framework for planning and learning},
	Editor = {Minton,},
	Owner = {yky},
	Publisher = {Morgan Kaufmann},
	Timestamp = {2009.06.05},
	author = {Langley, and Allen,},
	title = {Machine learning methods for planning},
	pages = {317},
	year = {1993},
}

@Article{Laskey2006,
	Owner = {YKY},
	Timestamp = {2008.07.12},
	author = {Laskey,},
	title = {MEBN: a logic for open-world probabilistic reasoning},
	journal = {GMU C4I Center Technical Report C4I-06-01},
	year = {2006},
}

@Book{Lavrac1994,
	Owner = {yky},
	Publisher = {Ellis Horwood New York (out of print but available online)},
	Timestamp = {2009.06.17},
	author = {Lavrac, and Dzeroski,},
	title = {Inductive logic programming - techniques and applications},
	year = {1994},
}

@PhdThesis{Lawvere1963,
	Owner = {Administrator},
	School = {Columbia university},
	Timestamp = {2013.03.09},
	author = {Lawvere,},
	title = {Functorial semantics of algebraic theories},
	year = {1963},
}

@Book{Lawvere2003,
	Owner = {YKY},
	Publisher = {Cambridge},
	Timestamp = {2012.03.26},
	author = {Lawvere, and Rosebrugh,},
	title = {Sets for mathematics},
	year = {2003},
}

@Book{Liberzon2012,
	Owner = {yky},
	Publisher = {Princeton Univ Press},
	Timestamp = {2017.01.10},
	author = {Liberzon, Daniel},
	title = {Calculus of variations and optimal control theory: a concise introduction},
	year = {2012},
}

@Book{Lloyd2003,
	Owner = {yky},
	Publisher = {Springer},
	Timestamp = {2009.05.28},
	author = {Lloyd,},
	title = {Logic for learning},
	year = {2003},
}

@Article{Lo1993,
	Owner = {yky},
	Timestamp = {2015.11.19},
	author = {Lo,},
	title = {Dynamical system identification by recurrent multilayer perceptrons},
	journal = {Proceedings of the 1993 World Congress on Neural Networks},
	year = {1993},
}

@Book{Luger2009,
	Owner = {yky},
	Publisher = {Pearson Education},
	Timestamp = {2009.11.02},
	author = {Luger,},
	title = {Artificial intelligence: structures and strategies for complex problem solving},
	year = {2009},
}

@Book{MacKay2003,
	Owner = {yky},
	Publisher = {Cambridge},
	Timestamp = {2009.06.06},
	author = {MacKay,},
	title = {Information theory, inference, and learning algorithms},
	year = {2003},
}

@Book{MacLane1992,
	Owner = {YKY},
	Publisher = {Springer},
	Timestamp = {2017.01.26},
	author = {MacLane, Saunders and Moerdijk, Ieke},
	title = {Sheaves in geometry and logic {--} a first introduction to topos theory},
	year = {1992},
}

@Book{Maddux2006,
	Owner = {yky},
	Publisher = {Elsevier},
	Timestamp = {2016.09.15},
	author = {Maddux, Roger},
	title = {Relation algebras},
	year = {2006},
}

@Book{Manning2008,
	Owner = {Administrator},
	Publisher = {Cambridge},
	Timestamp = {2012.08.05},
	author = {Manning, and Raghavan, and Schutze,},
	title = {Introduction to information retrieval},
	year = {2008},
}

@Book{Manzano1999,
	Owner = {yky},
	Publisher = {Oxford},
	Timestamp = {2016.09.15},
	author = {Manzano, Maria},
	title = {Model theory},
	year = {1999},
}

@Book{Marker2002,
	Owner = {yky},
	Publisher = {Springer},
	Timestamp = {2016.10.02},
	author = {Marker, David},
	title = {Model theory},
	year = {2002},
}

@Article{McCarthy1997,
	Owner = {YKY},
	Timestamp = {2011.05.28},
	Url = {http://www-formal.stanford.edu/jmc/modality/modality.html},
	author = {McCarthy,},
	title = {Modality, si! Modal logic, no!},
	journal = {Studia Logica: an international journal for symbolic logic},
	volume = {59:1},
	pages = {29-32},
	year = {1997},
}

@Article{Mikolov2013,
	Owner = {yky},
	Timestamp = {2016.05.14},
	author = {Mikolov, and Sutskever, and Chen, and Corrado, and Dean,},
	title = {Efficient estimation of word representations in vector space},
	journal = {Proceedings of workshop at ICLR},
	year = {2013},
}

@InCollection{Milch2007,
	BookTitle = {Statistical relational learning},
	Owner = {YKY},
	Publisher = {MIT},
	Timestamp = {2008.07.12},
	author = {Milch, and Marthi, and Russell, and Sontag, and Ong, and Kolobov,},
	title = {BLOG: probabilistic models with unknown objects},
	year = {2007},
}

@Article{Mnih2013,
	Owner = {yky},
	Timestamp = {2016.06.15},
	author = {Mnih, and Kavukcuoglu, and Silver, and Graves, and Antonoglou, and Wierstra, and Riedmiller,},
	title = {Playing Atari with deep reinforcement learning},
	journal = {arXiv:1312.5602 [cs.LG]},
	year = {2013},
}

@InCollection{Muggleton1996,
	BookTitle = {Advances in inductive logic programming},
	Editor = {Raedt, de},
	Owner = {YKY},
	Publisher = {IOS Press, Amsterdam},
	Timestamp = {2008.07.12},
	Url = {http://www.doc.ic.ac.uk/~shm/Papers/slp.pdf },
	author = {Muggleton,},
	title = {Stochastic logic programs},
	pages = {254-264},
	year = {1996},
}

@Article{Muggleton2005,
	Owner = {yky},
	Timestamp = {2009.05.28},
	author = {Muggleton, and Lodhi, and Amini, and Sternberg,},
	title = {Support vector inductive logic programming},
	journal = {Discovery science, LNCS},
	volume = {3735},
	pages = {163-175},
	year = {2005},
}

@Inbook{Muresan2004,
	Editor = {Rajapakse, and Wang,},
	Journal = {Neural Information Processing: Research and Development},
	Owner = {YKY},
	Publisher = {Springer},
	Timestamp = {2008.09.06},
	Url = {http://www.raulmuresan.ro/Papers/MuresanSpringer.pdf},
	author = {Muresan,},
	title = {Scale Independence in the Visual System},
	pages = {1-18},
	year = {2004},
}

@Book{Murphy2002,
	Owner = {YKY},
	Publisher = {MIT press},
	Timestamp = {2008.08.25},
	author = {Murphy,},
	title = {The Big Book of Concepts},
	year = {2002},
}

@Article{Murphy1985,
	Owner = {YKY},
	Timestamp = {2008.08.21},
	author = {Murphy, and Medin,},
	title = {The role of theories in conceptual coherence},
	journal = {Psychological review},
	volume = {92(3)},
	pages = {289-316},
	year = {1985},
}

@Book{Neapolitan2004,
	Owner = {YKY},
	Publisher = {Prentice Hall},
	Timestamp = {2008.07.12},
	author = {Neapolitan,},
	title = {Learning Bayesian networks},
	year = {2004},
}

@Article{Newell1960,
	Owner = {yky},
	Timestamp = {2009.06.05},
	author = {Newell, and Shaw, and Simon,},
	title = {Report on a general problem solving program for a computer},
	journal = {Proceedings of the international conference on information processing},
	pages = {256-264},
	year = {1960},
}

@Article{Ng2009,
	Doi = {doi:10.1016/j.physletb.2003.10.071},
	Owner = {yky},
	Timestamp = {2009.11.07},
	author = {Ng, and Lloyd,},
	title = {Probabilistic reasoning in a classical logic},
	journal = {Journal of applied logic},
	volume = {7-2},
	pages = {218-238},
	year = {2009},
}

@Article{Ng1992,
	Owner = {YKY},
	Timestamp = {2008.07.12},
	author = {Ng, and Subrahmanian,},
	title = {Probabilistic logic programming},
	journal = {Information and computation},
	volume = {101},
	number = {2},
	pages = {150-201},
	year = {1992},
}

@Book{Nguyen199720002006,
	Owner = {yky},
	Publisher = {Chapman \& Hall /CRC},
	Timestamp = {2009.10.19},
	author = {Nguyen, and Walker,},
	title = {A first course in fuzzy logic (1st, 2nd, and 3rd edition)},
	year = {1997, 2000, 2006},
}

@Book{Nienhuys-Cheng1997,
	Publisher = {Springer},
	author = {Nienhuys-Cheng, S. H. and De Wolf, R.},
	title = {Foundations of inductive logic programming},
	year = {1997},
}

@Article{Niepert2016,
	Bibsource = {dblp computer science bibliography, http://dblp.org},
	Biburl = {http://dblp.uni-trier.de/rec/bib/journals/corr/NiepertAK16},
	Owner = {yky},
	Timestamp = {Wed, 07 Jun 2017 14:40:09 +0200},
	Url = {http://arxiv.org/abs/1605.05273},
	author = {Niepert, Mathias and Ahmed, Mohamed and Kutzkov, Konstantin},
	title = {Learning Convolutional Neural Networks for Graphs},
	year = {2016},
}

@Article{Nilsson1986,
	Owner = {YKY},
	Timestamp = {2008.07.12},
	author = {Nilsson,},
	title = {Probabilistic logic},
	journal = {Artificial Intelligence},
	volume = {28},
	number = {1},
	pages = {71-87},
	year = {1986},
}

@Book{Novak1999,
	Owner = {yky},
	Publisher = {Kluwer Academic Press},
	Timestamp = {2009.10.19},
	author = {Novak, and Perfilieva, and Mockor,},
	title = {Mathematical principles of fuzzy logic},
	year = {1999},
}

@Book{Ostrovskii2013,
	Owner = {yky},
	Publisher = {De Gruyter},
	Timestamp = {2015.06.08},
	author = {Ostrovskii,},
	title = {Metric embeddings: bi-Lipschitz and coarse embeddings into Banach spaces},
	year = {2013},
}

@TechReport{Page1999,
	Owner = {yky},
	Publisher = {Stanford InfoLab},
	Timestamp = {2016.09.14},
	author = {Page, Lawrence and Brin, Sergey and Motwani, Rajeev and Winograd, Terry},
	title = {The PageRank Citation Ranking: Bringing Order to the Web},
	year = {1999},
}

@Book{Parsons2001,
	Owner = {YKY},
	Publisher = {MIT},
	Timestamp = {2008.07.12},
	author = {Parsons,},
	title = {Qualitative methods for reasoning under uncertainty},
	year = {2001},
}

@Inbook{Partee1997,
	Chapter = {Montague Grammar},
	Editor = {Benthem, van and Meulen, ter},
	Owner = {Administrator},
	Publisher = {MIT},
	Timestamp = {2012.07.12},
	author = {Partee, and Hendriks,},
	title = {Handbook of logic and language},
	pages = {5-92},
	year = {1997},
}

@Book{Pearl2000,
	Owner = {yky},
	Publisher = {Cambridge},
	Timestamp = {2009.11.16},
	author = {Pearl,},
	title = {Causality: models, reasoning, and inference},
	year = {2000},
}

@Book{Pearl1988,
	Owner = {YKY},
	Publisher = {Morgan Kaufmann, California},
	Timestamp = {2008.07.12},
	author = {Pearl,},
	title = {Probabilistic Reasoning in Intelligent Systems - Networks of Plausible Inference},
	year = {1988},
}

@Article{Perlis1996,
	author = {Perlis, and Purang,},
	title = {Conversational Adequacy: Mistakes are the Essence},
	journal = {Int. J. Human-Computer Studies},
	volume = {48},
	pages = {553-575},
	year = {1996},
}

@Article{Pless2001,
	Owner = {yky},
	Timestamp = {2009.11.02},
	author = {Pless, and Luger,},
	title = {Towards general analysis of recursive probabilistic models},
	journal = {Proceedings of conference of uncertainty in aritificial intelligence (San Francisco)},
	year = {2001},
}

@Book{Plotkin1994,
	Owner = {YKY},
	Publisher = {Kluwer},
	Timestamp = {2012.03.26},
	author = {Plotkin,},
	title = {Universal algebra, algebraic logic, and databases},
	year = {1994},
}

@Book{Pollock2006,
	Owner = {yky},
	Publisher = {OUP},
	Timestamp = {2009.06.19},
	author = {Pollock,},
	title = {Thinking about acting},
	year = {2006},
}

@Book{Prehofer1998,
	Owner = {YKY},
	Publisher = {Birkhauser},
	Timestamp = {2012.03.22},
	author = {Prehofer,},
	title = {Solving higher-order equations {--} from logic to programming},
	year = {1998},
}

@Article{DeRaedt2004,
	Publisher = {Springer},
	author = {Raedt, De and Kersting,},
	title = {Probabilistic inductive logic programming},
	journal = {Lecture notes in computer science},
	pages = {19-36},
	year = {2004},
}

@Book{DeRaedt2008,
	Publisher = {Springer},
	author = {Raedt, Luc De},
	title = {Logical and relational learning},
	year = {2008},
}

@Book{Read1995,
	Owner = {yky},
	Publisher = {OPUS},
	Timestamp = {2009.10.15},
	author = {Read,},
	title = {Thinking about logic {--} an introduction to the philosophy of logic},
	year = {1995},
}

@Article{Richardson2006,
	Owner = {yky},
	Timestamp = {2009.11.02},
	author = {Richardson, and Domingos,},
	title = {Markov logic networks},
	journal = {Journal of machine learning},
	volume = {62},
	pages = {107-136},
	year = {2006},
}

@Article{Robinson1965,
	Owner = {Administrator},
	Timestamp = {2012.07.13},
	author = {Robinson,},
	title = {A machine-oriented logic based on the resolution principle},
	journal = {Communications of the ACM},
	volume = {5},
	pages = {23-41},
	year = {1965},
}

@Article{Rong2014,
	Owner = {yky},
	Timestamp = {2015.07.23},
	author = {Rong,},
	title = {Word2vec parameter learning explained},
	journal = {arXiv},
	year = {2014},
}

@Book{Russell2003,
	Owner = {YKY},
	Publisher = {Prentice Hall},
	Timestamp = {2008.09.05},
	author = {Russell, and Norvig,},
	title = {Artificial Intelligence - a modern approach},
	year = {2003},
}

@Book{Russell1910,
	Owner = {Administrator},
	Publisher = {Cambridge (1910, 1912, 1913)},
	Timestamp = {2012.07.13},
	author = {Russell, and Whitehead,},
	title = {Principia mathematica},
	year = {1910},
}

@Book{Sorensen2006,
	Owner = {yky},
	Publisher = {Elsevier},
	Timestamp = {2018.02.02},
	author = {S{\o}rensen, and Urzyczyn,},
	title = {Lectures on the Curry-Howard isomorphism},
	year = {2006},
}

@Article{Sainsbury1986,
	Owner = {YKY},
	Timestamp = {2008.08.24},
	author = {Sainsbury,},
	title = {Degrees of belief and degrees of truth},
	journal = {Philosophical Papers},
	volume = {15},
	pages = {97-106},
	year = {1986},
}

@Article{Sato1997,
	Owner = {YKY},
	Timestamp = {2008.07.12},
	Url = {http://sato-www.cs.titech.ac.jp/prism/},
	author = {Sato, and Kameya,},
	title = {PRISM: A Language for Symbolic-Statistical Modeling},
	journal = {IJCAI},
	pages = {1330-1339},
	year = {1997},
}

@Book{Schmid2003,
	Owner = {yky},
	Publisher = {Springer},
	Timestamp = {2009.06.13},
	author = {Schmid,},
	title = {Inductive synthesis of functional programs},
	year = {2003},
}

@Book{Schmidt2010,
	Owner = {yky},
	Publisher = {Cambridge},
	Timestamp = {2016.09.15},
	author = {Schmidt, Gunther},
	title = {Relational mathematics},
	year = {2010},
}

@Article{Sensoy2011,
	Owner = {Administrator},
	Timestamp = {2012.10.25},
	author = {Sensoy, and Mel, de and Vasconcelos, and Norman,},
	title = {Ontological logic programming},
	journal = {International conference on web intelligence, mining and semantics},
	year = {2011},
}

@InProceedings{sensoy2011,
	BookTitle = {In Proceedings of International Conference on Web Intelligence, Mining and Semantics (WIMS11). Sogndal, Norway: ACM},
	author = {Sensoy, Murat and de Mel, Geeth and Vasconcelos, W. and Norman, T.},
	title = {Ontological Logic Programming},
	year = {2011},
}

@Book{Shafer1996,
	Owner = {yky},
	Publisher = {MIT},
	Timestamp = {2009.11.16},
	author = {Shafer,},
	title = {The art of causal conjecture},
	year = {1996},
}

@Book{Shapiro2006,
	Owner = {YKY},
	Publisher = {Oxford university press},
	Timestamp = {2008.08.24},
	author = {Shapiro,},
	title = {Vagueness in Context},
	year = {2006},
}

@Article{Shenoy2005,
	Owner = {yky},
	Timestamp = {2009.10.15},
	Url = {http://web.ku.edu/~pshenoy/Papers/WP310.pdf},
	author = {Shenoy, and Cobb,},
	title = {Modeling Nonlinear Deterministic Relationships in Bayesian Networks},
	journal = {Working paper no.310, April 2005, School of Business, Univ of Kansas},
	year = {2005},
}

@Article{Siegelmann1991,
	Owner = {yky},
	Timestamp = {2015.11.19},
	author = {Siegelmann, and Sontag,},
	title = {Turing computability with neural nets},
	journal = {Applied Mathematics Letters, vol 4, p77-80},
	year = {1991},
}

@Article{Smale1967,
	Owner = {yky},
	Timestamp = {2016.09.14},
	author = {Smale, Stephen},
	title = {Differentiable dynamical Systems},
	journal = {Bulletin of the American Mathematical Society},
	year = {1967},
}

@Book{Smith2008,
	Owner = {yky},
	Publisher = {Oxford},
	Timestamp = {2009.10.15},
	author = {Smith,},
	title = {Vagueness and degrees of truth},
	year = {2008},
}

@Book{Smolensky2006,
	Owner = {yky},
	Publisher = {MIT Press},
	Timestamp = {2015.06.08},
	author = {Smolensky, and Legendre,},
	title = {The harmonic mind, vol 1: cognitive architecture},
	year = {2006},
}

@Book{Snyder1991,
	Owner = {YKY},
	Publisher = {Birkhauser},
	Timestamp = {2012.03.22},
	author = {Snyder,},
	title = {A proof theory for general unification},
	year = {1991},
}

@Article{Socher2013,
	Owner = {yky},
	Timestamp = {2015.06.08},
	author = {Socher, and Chen, and Manning, and Ng,},
	title = {Reasoning with neural tensor networks for knowledge base completion},
	journal = {NIPS},
	year = {2013},
}

@Book{Sowa2000,
	Owner = {yky},
	Publisher = {Brooks/Cole},
	Timestamp = {2009.06.05},
	author = {Sowa,},
	title = {Knowledge representation - logical, philosophical, and computational foundations},
	year = {2000},
}

@Article{Stickel1988,
	Owner = {YKY},
	Timestamp = {2008.08.22},
	Url = {http://www.ai.sri.com/~stickel/pttp.html},
	author = {Stickel,},
	title = {A Prolog technology theorem prover: implementation by an extended Prolog compiler},
	journal = {Journal of Automated Reasoning},
	volume = {4:4},
	pages = {353-380},
	year = {1988},
}

@Book{Streicher2006,
	Owner = {YKY},
	Publisher = {World Scientific},
	Timestamp = {2011.05.21},
	author = {Streicher,},
	title = {Domain-theoretical foundations of functional programming},
	year = {2006},
}

@Article{Sundgren2006,
	Bibsource = {DBLP, http://dblp.uni-trier.de},
	Booktitle = {FLAIRS Conference},
	author = {Sundgren, and Danielson, and Ekenberg,},
	title = {Some Second Order Effects on Interval Based Probabilities},
	pages = {848-853},
	year = {2006},
}

@Book{Tel2006,
	Owner = {yky},
	Publisher = {Cambridge},
	Timestamp = {2016.09.15},
	author = {T{\'{e}}l, Tam{\'{a}}s and Gruiz, M{\'{a}}rton},
	title = {Chaotic dynamics: an Introduction based on classical mechanics},
	year = {2006},
}

@Article{Tadepalli2004,
	Booktitle = {Proceedings of the ICML},
	author = {Tadepalli, P. and Givan, R. and Driessens, K.},
	title = {Relational reinforcement learning: An overview},
	volume = {4},
	pages = {1-9},
	year = {2004},
}

@Book{Tarski1985,
	Owner = {Administrator},
	Timestamp = {2013.03.09},
	author = {Tarski, and Henkin, and Monk,},
	title = {Cylindric algebras, Part II},
	year = {1985},
}

@Book{Tarski1971,
	Owner = {Administrator},
	Timestamp = {2013.03.09},
	author = {Tarski, and Henkin, and Monk,},
	title = {Cylindric algebras, Part I},
	year = {1971},
}

@Book{Thornton2000,
	Owner = {YKY},
	Publisher = {MIT},
	Timestamp = {2008.07.12},
	author = {Thornton,},
	title = {Truth from trash {--}- how learning makes sense},
	year = {2000},
}

@Article{Thornton1996,
	Owner = {YKY},
	Timestamp = {2008.08.13},
	Url = {http://www.cogs.susx.ac.uk/users/christ/papers/parity-here-to-stay.pdf},
	author = {Thornton,},
	title = {Parity: the problem that won{'}t go away},
	journal = {McCalla (Ed.), Proceeding of AI-96 (Toronto, Canada)},
	pages = {362-374},
	year = {1996},
}

@Book{Walley1991,
	Owner = {YKY},
	Publisher = {Chapman and Hall},
	Timestamp = {2008.07.14},
	author = {Walley,},
	title = {Statistical reasoning with imprecise probabilities},
	year = {1991},
}

@Book{Wang2013,
	Owner = {Administrator},
	Publisher = {World Scientific (in press)},
	Timestamp = {2013.03.24},
	author = {Wang,},
	title = {Non-axiomatic logic: a model for intelligent reasoning},
	year = {2013},
}

@Book{Wang2006,
	Owner = {YKY},
	Publisher = {Springer applied logic series},
	Timestamp = {2008.07.12},
	author = {Wang,},
	title = {Rigid Flexibility - The Logic of Intelligence},
	year = {2006},
}

@Article{Wang1994,
	Owner = {YKY},
	Timestamp = {2008.08.22},
	Url = {http://www.cogsci.indiana.edu/farg/peiwang/papers.html#reference_classes},
	author = {Wang,},
	title = {Reference Classes and Multiple Inheritances},
	journal = {Technical Report No. 91, The Center for Research on Concepts and Cognition},
	year = {1994},
}

@Article{Wellman1992,
	Owner = {YKY},
	Timestamp = {2008.07.12},
	author = {Wellman, and Breese, and Goldman,},
	title = {From knowledge bases to decision models},
	journal = {Knowledge Engineering Review},
	volume = {7},
	number = {1},
	pages = {35-53},
	year = {1992},
}

@Article{Weston2015,
	Owner = {yky},
	Timestamp = {2015.07.27},
	author = {Weston, and Chopra, and Bordes,},
	title = {Memory networks},
	journal = {ICLR (also arXiv)},
	year = {2015},
}

@Book{Williamson2005,
	Owner = {yky},
	Publisher = {Oxford},
	Timestamp = {2009.11.16},
	author = {Williamson,},
	title = {Bayesian nets and causality},
	year = {2005},
}

@Book{Williamson1994,
	Owner = {YKY},
	Publisher = {London: Routledge},
	Timestamp = {2008.08.24},
	author = {Williamson,},
	title = {Vagueness},
	year = {1994},
}

@Book{Wrobel1994,
	Owner = {YKY},
	Publisher = {Kluwer academic press},
	Timestamp = {2008.08.21},
	author = {Wrobel,},
	title = {Concept formation and knowledge revision},
	year = {1994},
}

@InCollection{Yaacov2008,
	BookTitle = {Model theory with applications to algebra and analysis, vol 2},
	Owner = {yky},
	Publisher = {Cambridge},
	Timestamp = {2016.10.02},
	author = {Yaacov, Ita{\"{i}} Ben and Berenstein, Alexander and Henson, C. Ward and Usvyatsov, Alexander},
	title = {Model theory for metric structures},
	year = {2008},
}

@Book{YanGenifer,
	Owner = {yky},
	Publisher = {http://launchpad.net/agi-book (currently electronic version only)},
	Timestamp = {2017.02.02},
	Url = {http://launchpad.net/agi-book},
	author = {Yan,},
	title = {Genifer {--} an artificial general intelligence},
	year = {2010},
}

@Unpublished{YanBridge,
	Note = {(to be submitted AGI-2017)},
	Owner = {yky},
	Timestamp = {2017.01.21},
	author = {Yan, King Yin},
	title = {A bridge between logic and neural},
}

@Misc{YanILPtutorial,
	Owner = {yky},
	Timestamp = {2017.01.20},
	Url = {https://storage.googleapis.com/google-code-archive-downloads/v2/code.google.com/genifer/Genifer%20-%20induction%20(30%20July%202012).pdf},
	author = {Yan, King Yin},
	title = {ILP tutorial \ https://storage.googleapis.com/google-code-archive-downloads/v2/code.google.com/genifer/Genifer - induction (30 July 2012).pdf},
}

@Unpublished{YanMemory,
	Note = {(to be submitted AGI-2017)},
	Owner = {yky},
	Timestamp = {2017.01.21},
	author = {Yan, King Yin},
	title = {The structure of memory},
}

@Misc{YanRLtutorialCN,
	Owner = {yky},
	Timestamp = {2017.02.02},
	Url = {https://drive.google.com/file/d/0Bx3\_S9SExak-SG4tUy1fSkVMSDA/view},
	author = {Yan, King Yin},
	title = {Reinforcement learning tutorial \ https://drive.google.com/file/d/0Bx3_S9SExak-SG4tUy1fSkVMSDA/view},
}

@Misc{YanRLtutorialEN,
	Owner = {yky},
	Timestamp = {2017.02.02},
	Url = {https://drive.google.com/file/d/0Bx3\_S9SExak-X29uazI1YnhoNFU/view?usp=sharing},
	author = {Yan, King Yin},
	title = {Reinforcement learning tutorial \ https://drive.google.com/file/d/0Bx3_S9SExak-X29uazI1YnhoNFU/view},
}

@Unpublished{YanLabyrinth,
	Note = {(to be submitted AGI-2017)},
	Owner = {yky},
	Timestamp = {2017.02.02},
	author = {Yan, King Yin and Pinto, Juan Carlos Kuri and Goertzel, Ben},
	title = {Wandering in the Labyrinth of Thinking {--} a cognitive architecture combining reinforcement learning and deep learning},
}

@Article{Yan2012,
	Owner = {yky},
	Timestamp = {2016.10.05},
	author = {Yan, King-Yin},
	title = {Fuzzy-probabilistic logic for common sense reasoning},
	journal = {Artificial general intelligence 5th international conference, LNCS 7716},
	year = {2012},
}

@Article{Zabell1982,
	Owner = {YKY},
	Timestamp = {2008.07.12},
	author = {Zabell,},
	title = {WE Johnson{'}s {'}Sufficientness{'} Postulate},
	journal = {The annals of statistics},
	volume = {10:4},
	year = {1982},
}

@Article{Zadeh1996,
	Owner = {YKY},
	Timestamp = {2008.07.12},
	author = {Zadeh,},
	title = {{``}Fuzzy logic = computing with words{''}},
	journal = {IEEE Transactions on Fuzzy Systems},
	volume = {4},
	pages = {103-111},
	year = {1996},
}

@Article{Zadeh1965,
	Owner = {YKY},
	Timestamp = {2008.07.14},
	author = {Zadeh,},
	title = {Fuzzy sets},
	journal = {Information and control},
	volume = {8},
	pages = {338-353},
	year = {1965},
}

@Book{Zelenyuk2011,
	Owner = {yky},
	Publisher = {de Gruyter},
	Timestamp = {2016.10.02},
	author = {Zelenyuk, Yevhen},
	title = {Ultrafilters and topologies on groups},
	year = {2011},
}

@Book{Bonzon2000,
	Editor = {Bonzon, and Cavalcanti, and Nossum,},
	Owner = {yky},
	Publisher = {Kluwer},
	Timestamp = {2009.06.19},
	title = {Formal aspects of context},
	year = {2000},
}

@Book{Cohen2005,
	Editor = {Cohen, and Lefebvre,},
	Owner = {YKY},
	Publisher = {Elsevier},
	Timestamp = {2008.08.25},
	title = {Handbook of categorization in cognitive science},
	year = {2005},
}

@Book{Getoor2007,
	Editor = {Getoor, and Taskar,},
	Publisher = {MIT Press},
	title = {Introduction to statistical relational learning},
	year = {2007},
}

@Book{Graff2002,
	Editor = {Graff, and Williamson,},
	Owner = {YKY},
	Publisher = {Ashgate, Dartmouth},
	Timestamp = {2008.08.24},
	title = {Vagueness},
	year = {2002},
}

@Book{Hammer2007,
	Editor = {Hammer, and Hitzler,},
	Owner = {yky},
	Publisher = {Springer},
	Timestamp = {2009.06.20},
	title = {Perspectives of neural-symbolic integration},
	year = {2007},
}

@Book{Magnani2002,
	Editor = {Magnani, and Nersessian, and Pizzi,},
	Owner = {yky},
	Publisher = {Kluwer},
	Timestamp = {2016.10.05},
	title = {Logical and computational aspects of model-based reasoning},
	year = {2002},
}

@Book{Magnani1999,
	Editor = {Magnani, and Nersessian, and Thagard,},
	Owner = {yky},
	Publisher = {Kluwer},
	Timestamp = {2016.10.05},
	title = {Model-based reasoning in scientific Discovery},
	year = {1999},
}

@Book{Margolis1999,
	Editor = {Margolis, and Laurence,},
	Owner = {YKY},
	Publisher = {MIT press},
	Timestamp = {2008.08.25},
	title = {Concepts - core readings},
	year = {1999},
}

@Book{Muggleton1992,
	Editor = {Muggleton,},
	Publisher = {Academic Press, London},
	title = {Inductive Logic Programming. Number 38 in APIC series},
	year = {1992},
}

@Book{Nakamura1993,
	Editor = {Nakamura, and Medin, and Taraban,},
	Owner = {YKY},
	Publisher = {Academic Press},
	Series = {The psychology of learning and motivation, no 29},
	Timestamp = {2008.08.25},
	title = {Categorization by humans and machines},
	year = {1993},
}

@Book{Raedt2008,
	Editor = {Raedt, De and Frasconi, and Kersting, and Muggleton,},
	Publisher = {Springer, Heidelberg},
	title = {Probabilistic Inductive Logic Programming. LNCS (LNAI), vol. 4911},
	year = {2008},
}

@Book{Werning2012,
	Editor = {Werning, and Hinzen, and Machery,},
	Owner = {Administrator},
	Publisher = {Oxford},
	Timestamp = {2012.09.01},
	title = {The Oxford handbook of compositionality},
	year = {2012},
}

@Misc{OLPwebsite2013,
	Owner = {Administrator},
	Timestamp = {2013.03.09},
	Url = {olp-api.sourceforge.net},
	title = {OLP web site: olp-api.sourceforge.net},
}

@Misc{wikiDeepDreaming,
	Owner = {yky},
	Timestamp = {2016.12.04},
	Url = {https://en.wikipedia.org/wiki/Deepdreaming},
	title = {Wikipedia: Deep Dreaming (https://en.wikipedia.org/wiki/Deepdreaming)},
}

@Misc{wikiUniversalApprox,
	Owner = {yky},
	Timestamp = {2017.01.15},
	Url = {https://en.wikipedia.org/wiki/Universal_approximation_theorem},
	title = {Wikipedia: Universal Approximation Theorem\ (https://en.wikipedia.org/wiki/Universal_approximation_theorem)},
}

@Book{Rydeheard1988,
	author = {Rydeheard, and Burstall,},
	title = {Computational category theory},
	year = {1988},
}

@Book{Awodey2006,
	author = {Awodey,},
	title = {Category theory},
	year = {2006},
}

@Book{Simmons2011,
	author = {Simmons,},
	title = {An introduction to category theory},
	year = {2011},
}

@Book{Miller2005,
	Publisher = {GTM 227},
	author = {Miller, and Sturmfels,},
	title = {Combinatorial commutative algebra},
	year = {2005},
}

@Book{Brown2013,
	Publisher = {CRC Press},
	author = {Brown,},
	title = {Discrete structures and their interactions},
	year = {2013},
}

@Book{Goldblatt2006,
	author = {Goldblatt,},
	title = {Topoi {--}- the categorical analysis of logic},
	year = {1984, 2006},
}

@Book{Caramello2018,
	author = {Caramello,},
	title = {Theories, sites, toposes {--}- relating and studying mathematical theories through topos-theoretic {`}bridges{'}},
	year = {2018},
}

@Book{Vickers1989,
	author = {Vickers,},
	title = {Topology via logic},
	year = {1989},
}

@Book{Goubault-Larrecq2013,
	Publisher = {Cambridge new mathematical monographs 22},
	author = {Goubault-Larrecq,},
	title = {Non-Hausdorff topology and domain theory {--}- selected topics in point-set topology},
	year = {2013},
}

@Article{Battaglia2018,
	Url = {https://arxiv.org/pdf/1806.01261.pdf},
	author = {Battaglia, and others,},
	title = {Relational inductive bias, deep learning, and graph networks},
	year = {2018},
}

@Article{Grilliette2017,
  author        = {Grilliette},
  title         = {A Functorial Link between Quivers and Hypergraphs},
  year          = {2017},
  month         = {07},
  __markedentry = {[yky:]},
  url           = {https://www.researchgate.net/publication/305787097_A_Functorial_Link_between_Quivers_and_Hypergraphs},
}

@Comment{jabref-meta: databaseType:bibtex;}
