% Encoding: UTF-8

@Book{Abelson1984,
  title     = {Structure and interpretation of computer programs},
  publisher = {MIT},
  author    = {Abelson, and Sussman,},
  date      = {1984},
  owner     = {YKY},
  timestamp = {2011.05.21},
  url       = {http://mitpress.mit.edu/sicp/},
}

@Article{Akman1996,
  author       = {Akman, and Surav, and Giunchiglia,},
  title        = {Steps toward formalizing context},
  volume       = {17},
  pages        = {55-72},
  date         = {1996},
  journaltitle = {AI magazine},
  owner        = {yky},
  timestamp    = {2009.05.28},
}

@Book{Anashin2009,
  title     = {Applied algebraic dynamics},
  publisher = {de Gruyter},
  author    = {Anashin, Vladimir and Khrennikov, Andrei},
  date      = {2009},
  owner     = {yky},
  timestamp = {2016.10.02},
}

@InBook{Andreka2001,
  chapter   = {Algebraic logic},
  pages     = {133-247},
  title     = {Handbook of philosophical logic},
  publisher = {Springer},
  author    = {Andreka, and Nemeti, and Sain,},
  date      = {2001},
  owner     = {YKY},
  timestamp = {2012.03.26},
}

@InBook{Arel2012,
  chapter   = {6},
  pages     = {89-102},
  title     = {Deep reinforcement learning as Foundations for Artificial Intelligence},
  publisher = {Atlantis Press},
  author    = {Arel, Itamar},
  editor    = {Goertzel, and Wang,},
  date      = {2012},
  owner     = {yky},
  timestamp = {2016.09.14},
}

@Book{Baader1998,
  title     = {Term rewriting and all that},
  author    = {Baader, and Nipkow,},
  date      = {1998},
  owner     = {YKY},
  timestamp = {2012.03.22},
}

@Article{Bader2007,
  author       = {Bader, and Hitzler, and H{\"{o}}dobler, and Witzel,},
  title        = {The Core Method: Connectionist model generation for First-order logic programs},
  date         = {2007},
  journaltitle = {Studies in Computational Intelligence 77, 205-232},
  owner        = {yky},
  timestamp    = {2016.09.16},
}

@Article{Bar-Hillel1954,
  author       = {Bar-Hillel,},
  title        = {Logical syntax and semantics},
  volume       = {30(2)},
  pages        = {230-237},
  date         = {1954},
  journaltitle = {Language},
  owner        = {Administrator},
  timestamp    = {2012.11.25},
}

@Book{Barr1990,
  title     = {Category theory for computer science},
  publisher = {Prentice Hall},
  author    = {Barr, and Wells,},
  date      = {1990},
  owner     = {Administrator},
  timestamp = {2012.07.13},
}

@Book{Baum2004,
  title     = {What is thought?},
  publisher = {MIT press},
  author    = {Baum,},
  date      = {2004},
  owner     = {yky},
  timestamp = {2009.05.28},
}

@Book{Bergadano1996,
  title     = {Inductive logic programming - from machine learning to software engineering},
  publisher = {MIT},
  author    = {Bergadano, and Gunetti,},
  date      = {1996},
  owner     = {yky},
  timestamp = {2009.06.14},
}

@Book{Bergmann2008,
  title     = {An Introduction to Many-Valued and Fuzzy Logic},
  publisher = {Cambridge university press},
  author    = {Bergmann,},
  date      = {2008},
  owner     = {YKY},
  timestamp = {2008.08.31},
}

@Article{Bier1993,
  author       = {Bier,},
  title        = {When uncertainty is irrelevant to expected utility decision making},
  pages        = {401-407},
  date         = {1993},
  journaltitle = {Uncertainty Modeling and Analysis, 1993. Proceedings., Second International Symposium on},
  owner        = {YKY},
  timestamp    = {2008.07.15},
}

@Book{Boole1854,
  title     = {An investigation of the laws of thought, on which are founded the mathematical theories of logic and probabilities},
  publisher = {Walton and Maberley, London (reprint Dover, New York, 1958)},
  author    = {Boole,},
  date      = {1854},
  owner     = {YKY},
  timestamp = {2008.07.12},
}

@Book{Boole1847,
  title     = {The mathematical analysis of logic, being an essay towards a calculus of deductive reasoning},
  author    = {Boole,},
  date      = {1847},
  owner     = {Administrator},
  timestamp = {2013.03.09},
}

@InCollection{Bosc1997,
  author    = {Bosc, and Prade,},
  title     = {An introduction to the fuzzy set and possibility theory-based treatment of flexible queries and uncertain or imprecise databases},
  booktitle = {Uncertainty in Information Systems: From needs to solutions},
  publisher = {Kluwer, Boston, MA.},
  editor    = {Smets, Motro \&.},
  pages     = {285-324},
  date      = {1997},
  owner     = {YKY},
  timestamp = {2008.07.12},
}

@Book{Brachman2004,
  title     = {Knowledge representation and reasoning},
  publisher = {Morgan Kaufmann},
  author    = {Brachman, and Levesque,},
  date      = {2004},
}

@Book{Bratman1987,
  title     = {Intentions, plans, and practical reason},
  author    = {Bratman,},
  date      = {1987},
  owner     = {yky},
  timestamp = {2009.05.25},
}

@Article{Bratman1988,
  author       = {Bratman, and Israel, and Pollack,},
  title        = {Plans and resource-bounded practical reasoning},
  volume       = {4},
  pages        = {349-355},
  date         = {1988},
  journaltitle = {Computational intelligence},
  owner        = {yky},
  timestamp    = {2009.05.25},
}

@Article{Browne2001,
  author       = {Browne, and Sun,},
  title        = {Connectionist inference models},
  date         = {2001},
  journaltitle = {Neural networks 14},
  owner        = {yky},
  timestamp    = {2015.06.08},
}

@Article{Campbell1974,
  author       = {Campbell,},
  title        = {The Sorites Paradox},
  volume       = {26},
  pages        = {175-91},
  date         = {1974},
  journaltitle = {Philosophical Studies},
  owner        = {YKY},
  timestamp    = {2008.08.24},
}

@Book{Cann1993,
  title     = {Formal semantics - an introduction},
  publisher = {Cambridge},
  author    = {Cann,},
  date      = {1993},
  owner     = {Administrator},
  timestamp = {2012.07.13},
}

@Book{Chandru1999,
  title     = {Optimization methods for logical inference},
  publisher = {Wiley interscience},
  author    = {Chandru, and Hooker,},
  date      = {1999},
  owner     = {yky},
  timestamp = {2009.04.28},
}

@InBook{Chater2005,
  chapter   = {15 "A minimal description length principle for perception"},
  pages     = {385},
  title     = {Advances in minimum description length},
  publisher = {MIT},
  author    = {Chater,},
  editor    = {Grunwald,},
  date      = {2005},
  owner     = {yky},
  timestamp = {2009.06.06},
}

@Article{Coecke2010,
  author       = {Coecke, and Sadrzadeh, and Clark,},
  title        = {Mathematical foundations for distributed compostional model of meaning},
  date         = {2010},
  journaltitle = {Linguistic Analysis 36, 345-384},
  owner        = {yky},
  timestamp    = {2015.07.08},
}

@Article{Constantini2002,
  author       = {Constantini,},
  title        = {Meta-reasoning: a survey},
  volume       = {2408},
  pages        = {65},
  date         = {2002},
  journaltitle = {Computational logic: logic programming and beyond, LNCS},
  owner        = {yky},
  timestamp    = {2009.05.28},
}

@Book{Conway1971,
  title     = {Regular algebra and finite machines},
  publisher = {Chapman and Hall},
  author    = {Conway,},
  date      = {1971},
  owner     = {Administrator},
  timestamp = {2012.08.05},
}

@Article{Courbariaux2015,
  author        = {Courbariaux, Matthieu and Bengio, Yoshua and David, Jean-Pierre},
  title         = {BinaryConnect: Training Deep Neural Networks with binary weights during propagations},
  volume        = {abs/1511.00363},
  __markedentry = {[yky:]},
  bibsource     = {dblp computer science bibliography, http://dblp.org},
  biburl        = {http://dblp.uni-trier.de/rec/bib/journals/corr/CourbariauxBD15},
  date          = {2015},
  journaltitle  = {CoRR},
  owner         = {yky},
  timestamp     = {Wed, 07 Jun 2017 14:42:24 +0200},
  url           = {http://arxiv.org/abs/1511.00363},
}

@Book{Cowell1999,
  title     = {Probabilistic networks and expert systems},
  publisher = {Springer},
  author    = {Cowell, and Dawid, and Lauritzen, and Spiegelhalter,},
  date      = {1999},
  owner     = {yky},
  timestamp = {2009.11.07},
}

@Book{Cox2007,
  title     = {Ideals, varieties, and algorithms {--} an Introduction to computational algebraic geometry and commutative algebra},
  publisher = {Springer},
  author    = {Cox, David and Little, John and O{'}Shea, Donal},
  date      = {2007},
  owner     = {yky},
  timestamp = {2017.12.29},
}

@Book{Craig1974,
  title     = {Logic in algebraic form},
  publisher = {North-Holland},
  author    = {Craig,},
  date      = {1974},
  owner     = {YKY},
  timestamp = {2012.03.26},
}

@Book{Crole1993,
  title     = {Categories for types},
  publisher = {Cambridge},
  author    = {Crole, Roy},
  date      = {1993},
  owner     = {yky},
  timestamp = {2018.02.02},
}

@Book{Curien1993,
  title     = {Categorical combinators, sequential algorithms, and functional programming},
  publisher = {Birkhauser},
  author    = {Curien,},
  date      = {1993},
  owner     = {Administrator},
  timestamp = {2012.07.13},
}

@Article{Curry1930,
  author       = {Curry,},
  title        = {Grundlagen der kombinatorischen Logik},
  volume       = {52},
  pages        = {509-536},
  date         = {1930},
  journaltitle = {Amer J Math},
  owner        = {Administrator},
  timestamp    = {2012.07.12},
}

@Article{Defferrard2016,
  author    = {Defferrard, Micha{\"{e}}l and Bresson, Xavier and Vandergheynst, Pierre},
  title     = {Convolutional Neural Networks on Graphs with Fast Localized Spectral Filtering},
  bibsource = {dblp computer science bibliography, http://dblp.org},
  biburl    = {http://dblp.uni-trier.de/rec/bib/journals/corr/DefferrardBV16},
  date      = {2016},
  owner     = {yky},
  timestamp = {Wed, 07 Jun 2017 14:42:29 +0200},
  url       = {http://arxiv.org/abs/1606.09375},
}

@Book{Doets1996,
  title     = {Basic model theory},
  publisher = {CSLI notes},
  author    = {Doets, Kees},
  date      = {1996},
  owner     = {yky},
  timestamp = {2016.09.15},
}

@Article{Domingos2008,
  author       = {Domingos, and Poon, and Sumner,},
  title        = {A general method for reducing the complexity of relational inference and its application to MCMC},
  pages        = {1075-1080},
  date         = {2008},
  journaltitle = {Proceedings of the 23th AAAI conference on AI},
  owner        = {yky},
  timestamp    = {2009.04.28},
}

@InCollection{Domingos2007,
  author    = {Domingos, and Richardson,},
  title     = {Markov logic: a unifying framework for statistical relational learning},
  booktitle = {Statistical relational learning},
  publisher = {MIT},
  editor    = {Getoor, and Taskar,},
  date      = {2007},
  owner     = {YKY},
  timestamp = {2008.07.12},
}

@Article{Driessens2005,
  author       = {Driessens, K.},
  title        = {Relational reinforcement learning},
  volume       = {18},
  number       = {1},
  pages        = {71-73},
  date         = {2005},
  journaltitle = {AI Communications},
  publisher    = {IOS Press},
}

@Book{Dubois1988,
  title     = {Possibility Theory: An Approach to Computerized Processing of Uncertainty},
  publisher = {Plenum Press, New York},
  author    = {Dubois, and Prade,},
  date      = {1988},
}

@Article{Dzeroski1998,
  author       = {Dzeroski, and Raedt, de and Blockeel,},
  title        = {Relational reinforcement learning},
  pages        = {136-143},
  date         = {1998},
  journaltitle = {Proceedings of the 15th international conference of machine learning},
  owner        = {yky},
  timestamp    = {2009.06.05},
}

@Article{Dzeroski2001,
  author       = {Dzeroski, and Raedt, de and Driessens,},
  title        = {Relational reinforcement learning},
  volume       = {43},
  pages        = {7-52},
  date         = {2001},
  journaltitle = {Machine learning},
  owner        = {yky},
  timestamp    = {2009.06.05},
}

@Article{Edgington1992,
  author       = {Edgington,},
  title        = {Validity, Uncertainty and Vagueness},
  volume       = {52},
  pages        = {193-204},
  date         = {1992},
  journaltitle = {Analysis},
  owner        = {YKY},
  timestamp    = {2008.08.24},
}

@Book{Eilenberg1974,
  title     = {Automata, languages and machine - vol A},
  publisher = {Academic Press},
  author    = {Eilenberg,},
  date      = {1974},
  owner     = {Administrator},
  timestamp = {2012.07.30},
}

@InBook{Engeler1995,
  chapter   = {Historical and philosophical background},
  pages     = {1-12},
  title     = {The combinatory programme},
  publisher = {Birkhauser},
  author    = {Engeler,},
  date      = {1995},
  owner     = {Administrator},
  timestamp = {2012.07.13},
}

@Article{Fernando2017,
  author       = {Fernando, Chrisantha and Banarse, Dylan and Blundell, Charles and Zwols, Yori and Ha, David and Rusu, Andrei A. and Pritzel, Alexander and Wierstra, Daan},
  title        = {PathNet: Evolution Channels Gradient Descent in Super Neural Networks},
  volume       = {abs/1701.08734},
  bibsource    = {dblp computer science bibliography, http://dblp.org},
  biburl       = {http://dblp.uni-trier.de/rec/bib/journals/corr/FernandoBBZHRPW17},
  date         = {2017},
  journaltitle = {CoRR},
  owner        = {yky},
  timestamp    = {Wed, 07 Jun 2017 14:42:32 +0200},
  url          = {http://arxiv.org/abs/1701.08734},
}

@Article{Fine1975,
  author       = {Fine,},
  title        = {Vagueness, Truth and Logic},
  volume       = {30},
  pages        = {265-300},
  comment      = {reprinted in Keefe and Smith 1997, Vagueness: a reader, p119-50, MIT Press},
  date         = {1975},
  journaltitle = {Synthese},
  owner        = {YKY},
  timestamp    = {2008.08.24},
}

@Book{Flach2000,
  title     = {Abduction and Induction: Essays on their relation and integration},
  publisher = {Kluwer Academic Publishers},
  author    = {Flach, and Kakas,},
  date      = {2000},
}

@Book{Frege1879,
  title     = {Begriffsschrift: eine der arithmetischen nachgebildete Formelsprache des reinen Denkens ("Concept-notation: a formula language, modeled on that of arithmetic, of pure thought")},
  publisher = {Halle},
  author    = {Frege,},
  date      = {1879},
  owner     = {Administrator},
  timestamp = {2012.07.13},
}

@Book{Freitas2002,
  title     = {Data Mining and Knowledge Discovery with Evolutionary Algorithms},
  publisher = {Springer},
  author    = {Freitas,},
  date      = {2002},
  owner     = {YKY},
  timestamp = {2008.08.31},
}

@Book{Garcez2009,
  title     = {Neural-symbolic cognitive reasoning},
  publisher = {Springer},
  author    = {Garcez, and Lamb, and Gabbay,},
  date      = {2009},
  owner     = {yky},
  timestamp = {2009.04.28},
}

@Book{Gardenfors2004,
  title     = {Conceptual spaces: the geometry of thought},
  publisher = {Bradford},
  author    = {Gardenfors,},
  date      = {2004},
  owner     = {Administrator},
  timestamp = {2012.07.13},
}

@Book{Gartner2008,
  title     = {Kernels for structured data},
  publisher = {World scientific},
  author    = {Gartner,},
  date      = {2008},
  owner     = {yky},
  timestamp = {2009.05.28},
}

@Article{Getoor2001,
  author       = {Getoor, and Friedman, and Koller, and Pfeffer,},
  title        = {Learning probabilistic relational models},
  pages        = {307-335},
  date         = {2001},
  journaltitle = {Journal of relational data mining},
  owner        = {yky},
  timestamp    = {2009.11.02},
}

@InCollection{Getoor2007a,
  author    = {Getoor, and Friedman, and Koller, and Pfeffer, and Taskar,},
  title     = {Probabilistic relational models},
  booktitle = {Statistical relational learning},
  publisher = {MIT},
  date      = {2007},
  owner     = {YKY},
  timestamp = {2008.07.12},
}

@Book{Gilmore2011,
  title     = {The topology of chaos: Alice in stretch and squeezeland},
  publisher = {Wiley-VCH},
  author    = {Gilmore, Robert and Lefranc, Marc},
  date      = {2011},
  owner     = {yky},
  timestamp = {2016.09.15},
}

@Article{Goertzel2012,
  author       = {Goertzel,},
  title        = {Perception processing for general intelligence: bridging the symbolic / subsymbolic gap},
  date         = {2012},
  journaltitle = {5th AGI international conference},
  owner        = {Administrator},
  timestamp    = {2013.03.24},
}

@Article{Goertzel2011a,
  author       = {Goertzel, and Ikle,},
  title        = {Three hypotheses about the geometry of mind},
  pages        = {340-345},
  date         = {2011},
  journaltitle = {LNCS 6830, Artificial General Intelligence},
  owner        = {Administrator},
  timestamp    = {2012.07.13},
}

@Book{Goertzel2008,
  title     = {Probabilistic logic networks {--} A Comprehensive Framework for Uncertain Inference},
  publisher = {Springer},
  author    = {Goertzel, and Ikle, and Heljakka,},
  date      = {2008},
  owner     = {YKY},
  timestamp = {2008.07.12},
}

@Book{Goertzel2007,
  title     = {Artificial general intelligence},
  publisher = {Springer},
  author    = {Goertzel, and Pennachin,},
  date      = {2007},
  owner     = {YKY},
  timestamp = {2008.07.12},
}

@Misc{Goertzel2011,
  author      = {Goertzel, and Pennachin, and Geisweiller,},
  title       = {Building better minds: engineering beneficial general intelligence},
  author:corp = {OpenCog Foundation},
  date        = {2011},
  owner       = {Administrator},
  timestamp   = {2012.07.13},
  url         = {http://wiki.opencog.org/w/Building_Better_Minds},
}

@Article{Goguen1989,
  author       = {Goguen,},
  title        = {What is unification - a categorical view of substitution, equation and solution},
  volume       = {1: algebraic techniques},
  pages        = {217-261},
  date         = {1989},
  journaltitle = {Resolution of equations in algebraic structures},
  owner        = {Administrator},
  timestamp    = {2012.07.13},
}

@Book{Golan2003,
  title     = {Semirings and affine equations over them - theory and applications},
  publisher = {Kluwer},
  author    = {Golan,},
  date      = {2003},
  owner     = {Administrator},
  timestamp = {2012.07.30},
}

@Book{Golan1992,
  title     = {The theory of semirings with applications in mathematics and theoretical computer science},
  publisher = {Longman},
  author    = {Golan,},
  date      = {1992},
  owner     = {Administrator},
  timestamp = {2012.07.30},
}

@Book{Gondran2008,
  title     = {Graphs, dioids and semirings - new models and algorithms},
  publisher = {Springer},
  author    = {Gondran, and Minoux,},
  date      = {2008},
  owner     = {Administrator},
  timestamp = {2012.07.30},
}

@Book{Grenander2007,
  title     = {Pattern theory: from representation to inference},
  publisher = {OUP},
  author    = {Grenander, and Miller,},
  date      = {2007},
  owner     = {YKY},
  timestamp = {2011.05.21},
}

@InCollection{Haddawy1994,
  author    = {Haddawy,},
  title     = {Generating Bayesian networks from probability logic knowledge bases},
  booktitle = {Proceedings of the 10th Conference on Uncertainty in Artificial Intelligence},
  date      = {1994},
  owner     = {YKY},
  timestamp = {2008.07.12},
}

@InCollection{Hailperin1965,
  author    = {Hailperin,},
  title     = {Best possible inequalities for the probability of a logical function of events},
  booktitle = {American Mathematical Monthly},
  volume    = {72},
  pages     = {343-359},
  date      = {1965},
  owner     = {YKY},
  timestamp = {2008.07.12},
}

@Book{Halmos1998,
  title     = {Logic as algebra},
  publisher = {Math Asso of America},
  author    = {Halmos,},
  date      = {1998},
  owner     = {YKY},
  timestamp = {2012.03.26},
}

@Book{Halmos1962,
  title     = {Algebraic logic},
  publisher = {Chelsea},
  author    = {Halmos,},
  date      = {1962},
  owner     = {YKY},
  timestamp = {2012.03.26},
}

@Article{Hansen2000,
  author       = {Hansen, and Jaumard, and Aragao, de and Chauny, and Perron,},
  title        = {Probabilistic satisfiability with imprecise probabilities},
  volume       = {24},
  pages        = {171-189},
  date         = {2000},
  journaltitle = {International Journal of Approximate Reasoning},
  owner        = {YKY},
  timestamp    = {2008.07.12},
}

@Book{Haykin2012,
  title     = {Cognitive dynamic systems},
  publisher = {Cambridge Univ Press},
  author    = {Haykin, Simon},
  date      = {2012},
  owner     = {yky},
  timestamp = {2017.01.10},
}

@Book{Haykin2003,
  title     = {Signals and systems},
  publisher = {John Wiley \& Sons},
  author    = {Haykin, Simon and Veen, Barry van},
  date      = {2003},
  owner     = {yky},
  timestamp = {2017.01.10},
}

@Book{Hebisch1998,
  title     = {Semirings - algebraic theory and applications in computer science},
  publisher = {World Scientific},
  author    = {Hebisch, and Weinert,},
  date      = {1998},
  owner     = {Administrator},
  timestamp = {2012.07.30},
}

@InBook{Heckerman2007,
  chapter   = {7: Probabilistic entity-relationship models, PRMs, and plate models},
  title     = {Statistical relational learning},
  publisher = {MIT},
  author    = {Heckerman, and Meek, and Koller,},
  date      = {2007},
  owner     = {YKY},
  timestamp = {2011.10.28},
}

@Book{Hedman2004,
  title     = {A first course in logic},
  publisher = {Oxford},
  author    = {Hedman, Shawn},
  date      = {2004},
  owner     = {yky},
  timestamp = {2016.10.05},
}

@Misc{Hobbs2003,
  author      = {Hobbs,},
  title       = {interpretation as abduction, in book "Discourse and Inference"},
  author:corp = {USC/ISI},
  chapter     = {Interpretation as abduction},
  date        = {2003-11},
  owner       = {Administrator},
  pages       = {-3},
  timestamp   = {2012.07.12},
  url         = {http://www.isi.edu/~hobbs/disinf-tc.html},
}

@InProceedings{Hobbs1988,
  author      = {Hobbs, Jerry R. and Stickel, Mark and Martin, Paul and Edwards, Douglas},
  title       = {Interpretation as abduction},
  booktitle   = {Proceedings of the 26th annual meeting on Association for Computational Linguistics},
  pages       = {95-103},
  author:corp = {Association for Computational Linguistics},
  date        = {1988},
}

@Book{Holland1986,
  title     = {Induction},
  publisher = {Mit Press Cambridge, Mass},
  author    = {Holland, and Holyoak, and Nisbett, and Thagard,},
  date      = {1986},
}

@Book{Holldobler1989,
  title     = {Foundations of equational logic programming},
  publisher = {Springer-Verlag},
  author    = {Holldobler,},
  date      = {1989},
  owner     = {YKY},
  timestamp = {2012.03.22},
}

@Article{Huet1975,
  author       = {Huet,},
  title        = {Unification in typed lambda-calculus},
  volume       = {LNCS 37},
  pages        = {192-212},
  date         = {1975},
  journaltitle = {Conference on lambda-calculus and theoretical computer science, Roma, March 1975},
  owner        = {YKY},
  timestamp    = {2011.08.12},
}

@Article{Huet1978,
  author       = {Huet, and Lang,},
  title        = {Proving and applying program transformations expressed with second-order patterns},
  volume       = {11:1},
  pages        = {31-55},
  date         = {1978},
  journaltitle = {Acta informatica},
  owner        = {YKY},
  timestamp    = {2011.08.12},
}

@Book{Iovino2002,
  title     = {Applications of model theory to functional analysis},
  publisher = {Dover},
  author    = {Iovino, Jos{\'{e}}},
  date      = {2002},
  owner     = {yky},
  timestamp = {2016.10.02},
}

@Misc{Ireson-Paine2000,
  author    = {Ireson-Paine, Jocelyn},
  title     = {Generalisation is an adjunction},
  date      = {2000-06},
  owner     = {yky},
  timestamp = {2017.12.29},
  url       = {http://www.j-paine.org/generalisation.html},
}

@Book{Ivancevic2006,
  title     = {Geometrical dynamics of complex systems: a unified modeling approach to physics, control, biomechanics, neurodynamics and psycho-socio-economical dynamics},
  publisher = {Springer},
  author    = {Ivancevic, Vladimir and Ivancevic, Tijana},
  date      = {2006},
  owner     = {yky},
  timestamp = {2017.01.11},
}

@Book{Jacobs1999,
  title     = {Categorical logic and type theory},
  publisher = {Elsevier},
  author    = {Jacobs, Bart},
  date      = {1999},
  owner     = {YKY},
  timestamp = {2017.01.26},
}

@Article{Jaeger1997,
  author       = {Jaeger,},
  title        = {Relational Bayesian networks},
  date         = {1997},
  journaltitle = {Proceedings of the conference on uncertainty in artificial intelligence},
  owner        = {YKY},
  timestamp    = {2008.07.12},
}

@Unpublished{Jaumard2006,
  author    = {Jaumard, and Parreira,},
  title     = {An anytime deduction algorithm for the probabilistic logic and entailment problems},
  note      = {preprint submitted to Elsevier},
  date      = {2006},
  owner     = {YKY},
  timestamp = {2008.07.12},
}

@Book{Jensen2007,
  title     = {Bayesian networks and decision graphs, 2nd edition},
  publisher = {Springer},
  author    = {Jensen, and Nielsen,},
  date      = {2007},
  owner     = {yky},
  timestamp = {2009.10.15},
}

@Book{Johnson-Laird1983,
  title     = {Mental Models},
  publisher = {Harvard University Press},
  author    = {Johnson-Laird,},
  date      = {1983},
  owner     = {YKY},
  timestamp = {2008.08.31},
}

@Book{Keefe2000,
  title     = {Theories of Vagueness},
  publisher = {Cambridge university press},
  author    = {Keefe,},
  date      = {2000},
  owner     = {YKY},
  timestamp = {2008.08.24},
}

@InProceedings{Keisler2008,
  author    = {Keisler, H. Jerome},
  title     = {The ultraproduct construction},
  booktitle = {Ultrafilters across mathematics, ULTRAMATH 2008},
  date      = {2008},
  owner     = {yky},
  timestamp = {2016.10.02},
}

@InBook{Kenevan1992,
  chapter   = {A model theoretic approach to propositional fuzzy logic using Beth Tableaux},
  pages     = {141-157},
  title     = {Fuzzy logic for the management of uncertainty},
  publisher = {John Wiley \& Sons, Inc. New York, NY, USA},
  author    = {Kenevan, and Neapolitan,},
  date      = {1992},
  owner     = {YKY},
  timestamp = {2008.08.23},
}

@InCollection{Kersting2000,
  author    = {Kersting, and Raedt, de},
  title     = {Bayesian logic programs},
  booktitle = {Work-in-progress reports of the 10th international conference on inductive logic programming (ILP 2000)},
  editor    = {Frisch, Cussens \&.},
  date      = {2000},
  owner     = {YKY},
  timestamp = {2008.07.12},
  url       = {http://SunSITE.Informatik.RWTH-Aachen.DE/Publications/CEUR-WS/Vol-35/},
}

@Article{Kipf2016,
  author    = {Kipf, Thomas N. and Welling, Max},
  title     = {Semi-Supervised Classification with Graph Convolutional Networks},
  bibsource = {dblp computer science bibliography, http://dblp.org},
  biburl    = {http://dblp.uni-trier.de/rec/bib/journals/corr/KipfW16},
  date      = {2016},
  owner     = {yky},
  timestamp = {Wed, 07 Jun 2017 14:41:59 +0200},
  url       = {http://arxiv.org/abs/1609.02907},
}

@Article{Konstantopoulos2008,
  author       = {Konstantopoulos, S. and Camacho, R. and Fonseca, N. A. and Costa, V. S.},
  title        = {Induction as a Search Procedure},
  pages        = {166},
  date         = {2008},
  journaltitle = {Artificial Intelligence for Advanced Problem Solving Techniques},
  publisher    = {Information Science Reference},
}

@Book{Kruse1987,
  title     = {Statistics with vague data},
  publisher = {Reidel Publishing Company},
  author    = {Kruse, and Meyer,},
  date      = {1987},
  owner     = {yky},
  timestamp = {2009.10.15},
}

@Article{Kschischang2001,
  author    = {Kschischang,},
  title     = {Factor graphs and the sum-product algorithm},
  date      = {2001},
  owner     = {YKY},
  timestamp = {2011.08.07},
}

@Book{Kuich1986,
  title     = {Semirings, automata, languages},
  publisher = {Springer},
  author    = {Kuich, and Salomaa,},
  date      = {1986},
  owner     = {Administrator},
  timestamp = {2012.07.30},
}

@Book{Kurzweil2005,
  title     = {The singularity is near: When humans transcend biology},
  publisher = {Viking},
  author    = {Kurzweil, R.},
  date      = {2005},
}

@Book{Lakoff1987,
  title     = {Women, Fire, and Dangerous Things - what categories reveal about the mind},
  publisher = {University of Chicago Press},
  author    = {Lakoff,},
  date      = {1987},
  owner     = {YKY},
  timestamp = {2008.08.25},
}

@Book{Lambek2008,
  title     = {From word to sentence: a computational algebraic approach to grammar},
  publisher = {Polimetrica},
  author    = {Lambek,},
  date      = {2008},
  owner     = {Administrator},
  timestamp = {2013.03.09},
}

@Article{Lambek1958,
  author       = {Lambek,},
  title        = {The mathematics of sentence structure},
  pages        = {154-170},
  date         = {1958},
  journaltitle = {American mathematical monthly},
  owner        = {Administrator},
  timestamp    = {2012.11.25},
}

@Book{Lambek1986,
  title     = {Introduction to higher order categorical logic},
  publisher = {Cambridge},
  author    = {Lambek, and Scott,},
  date      = {1986},
  owner     = {yky},
  timestamp = {2018.02.02},
}

@InProceedings{Lambek1988,
  author    = {Lambek, Joachim},
  title     = {Categorical versus algebraic logic},
  booktitle = {Algebraic logic},
  editor    = {Andr{\'{e}}ka, and Monk, and N{\'{e}}meti,},
  pages     = {351-360},
  publisher = {North-Holland},
  chapter   = {Categorical versus algebraic logic},
  date      = {1988},
  owner     = {YKY},
  timestamp = {2017.01.26},
}

@InBook{Langley1993,
  chapter   = {10, A unified framework for planning and learning},
  pages     = {317},
  title     = {Machine learning methods for planning},
  publisher = {Morgan Kaufmann},
  author    = {Langley, and Allen,},
  editor    = {Minton,},
  date      = {1993},
  owner     = {yky},
  timestamp = {2009.06.05},
}

@Article{Laskey2006,
  author       = {Laskey,},
  title        = {MEBN: a logic for open-world probabilistic reasoning},
  date         = {2006},
  journaltitle = {GMU C4I Center Technical Report C4I-06-01},
  owner        = {YKY},
  timestamp    = {2008.07.12},
}

@Book{Lavrac1994,
  title     = {Inductive logic programming - techniques and applications},
  publisher = {Ellis Horwood New York (out of print but available online)},
  author    = {Lavrac, and Dzeroski,},
  date      = {1994},
  owner     = {yky},
  timestamp = {2009.06.17},
}

@PhdThesis{Lawvere1963,
  author      = {Lawvere,},
  title       = {Functorial semantics of algebraic theories},
  date        = {1963},
  institution = {Columbia university},
  owner       = {Administrator},
  timestamp   = {2013.03.09},
}

@Book{Lawvere2003,
  title     = {Sets for mathematics},
  publisher = {Cambridge},
  author    = {Lawvere, and Rosebrugh,},
  date      = {2003},
  owner     = {YKY},
  timestamp = {2012.03.26},
}

@Book{Liberzon2012,
  title     = {Calculus of variations and optimal control theory: a concise introduction},
  publisher = {Princeton Univ Press},
  author    = {Liberzon, Daniel},
  date      = {2012},
  owner     = {yky},
  timestamp = {2017.01.10},
}

@Book{Lloyd2003,
  title     = {Logic for learning},
  publisher = {Springer},
  author    = {Lloyd,},
  date      = {2003},
  owner     = {yky},
  timestamp = {2009.05.28},
}

@Article{Lo1993,
  author       = {Lo,},
  title        = {Dynamical system identification by recurrent multilayer perceptrons},
  date         = {1993},
  journaltitle = {Proceedings of the 1993 World Congress on Neural Networks},
  owner        = {yky},
  timestamp    = {2015.11.19},
}

@Book{Luger2009,
  title     = {Artificial intelligence: structures and strategies for complex problem solving},
  publisher = {Pearson Education},
  author    = {Luger,},
  date      = {2009},
  owner     = {yky},
  timestamp = {2009.11.02},
}

@Book{MacKay2003,
  title     = {Information theory, inference, and learning algorithms},
  publisher = {Cambridge},
  author    = {MacKay,},
  date      = {2003},
  owner     = {yky},
  timestamp = {2009.06.06},
}

@Book{MacLane1992,
  title     = {Sheaves in geometry and logic {--} a first introduction to topos theory},
  publisher = {Springer},
  author    = {MacLane, Saunders and Moerdijk, Ieke},
  date      = {1992},
  owner     = {YKY},
  timestamp = {2017.01.26},
}

@Book{Maddux2006,
  title     = {Relation algebras},
  publisher = {Elsevier},
  author    = {Maddux, Roger},
  date      = {2006},
  owner     = {yky},
  timestamp = {2016.09.15},
}

@Book{Manning2008,
  title     = {Introduction to information retrieval},
  publisher = {Cambridge},
  author    = {Manning, and Raghavan, and Schutze,},
  date      = {2008},
  owner     = {Administrator},
  timestamp = {2012.08.05},
}

@Book{Manzano1999,
  title     = {Model theory},
  publisher = {Oxford},
  author    = {Manzano, Maria},
  date      = {1999},
  owner     = {yky},
  timestamp = {2016.09.15},
}

@Book{Marker2002,
  title     = {Model theory},
  publisher = {Springer},
  author    = {Marker, David},
  date      = {2002},
  owner     = {yky},
  timestamp = {2016.10.02},
}

@Article{McCarthy1997,
  author       = {McCarthy,},
  title        = {Modality, si! Modal logic, no!},
  volume       = {59:1},
  pages        = {29-32},
  date         = {1997},
  journaltitle = {Studia Logica: an international journal for symbolic logic},
  owner        = {YKY},
  timestamp    = {2011.05.28},
  url          = {http://www-formal.stanford.edu/jmc/modality/modality.html},
}

@Article{Mikolov2013,
  author       = {Mikolov, and Sutskever, and Chen, and Corrado, and Dean,},
  title        = {Efficient estimation of word representations in vector space},
  date         = {2013},
  journaltitle = {Proceedings of workshop at ICLR},
  owner        = {yky},
  timestamp    = {2016.05.14},
}

@InCollection{Milch2007,
  author    = {Milch, and Marthi, and Russell, and Sontag, and Ong, and Kolobov,},
  title     = {BLOG: probabilistic models with unknown objects},
  booktitle = {Statistical relational learning},
  publisher = {MIT},
  date      = {2007},
  owner     = {YKY},
  timestamp = {2008.07.12},
}

@Article{Mnih2013,
  author       = {Mnih, and Kavukcuoglu, and Silver, and Graves, and Antonoglou, and Wierstra, and Riedmiller,},
  title        = {Playing Atari with deep reinforcement learning},
  date         = {2013},
  journaltitle = {arXiv:1312.5602 [cs.LG]},
  owner        = {yky},
  timestamp    = {2016.06.15},
}

@InCollection{Muggleton1996,
  author    = {Muggleton,},
  title     = {Stochastic logic programs},
  booktitle = {Advances in inductive logic programming},
  publisher = {IOS Press, Amsterdam},
  editor    = {Raedt, de},
  pages     = {254-264},
  date      = {1996},
  owner     = {YKY},
  timestamp = {2008.07.12},
  url       = {http://www.doc.ic.ac.uk/~shm/Papers/slp.pdf },
}

@Article{Muggleton2005,
  author       = {Muggleton, and Lodhi, and Amini, and Sternberg,},
  title        = {Support vector inductive logic programming},
  volume       = {3735},
  pages        = {163-175},
  date         = {2005},
  journaltitle = {Discovery science, LNCS},
  owner        = {yky},
  timestamp    = {2009.05.28},
}

@InBook{Muresan2004,
  pages        = {1-18},
  title        = {Scale Independence in the Visual System},
  publisher    = {Springer},
  author       = {Muresan,},
  editor       = {Rajapakse, and Wang,},
  date         = {2004},
  journaltitle = {Neural Information Processing: Research and Development},
  owner        = {YKY},
  timestamp    = {2008.09.06},
  url          = {http://www.raulmuresan.ro/Papers/MuresanSpringer.pdf},
}

@Book{Murphy2002,
  title     = {The Big Book of Concepts},
  publisher = {MIT press},
  author    = {Murphy,},
  date      = {2002},
  owner     = {YKY},
  timestamp = {2008.08.25},
}

@Article{Murphy1985,
  author       = {Murphy, and Medin,},
  title        = {The role of theories in conceptual coherence},
  volume       = {92(3)},
  pages        = {289-316},
  date         = {1985},
  journaltitle = {Psychological review},
  owner        = {YKY},
  timestamp    = {2008.08.21},
}

@Book{Neapolitan2004,
  title     = {Learning Bayesian networks},
  publisher = {Prentice Hall},
  author    = {Neapolitan,},
  date      = {2004},
  owner     = {YKY},
  timestamp = {2008.07.12},
}

@Article{Newell1960,
  author       = {Newell, and Shaw, and Simon,},
  title        = {Report on a general problem solving program for a computer},
  pages        = {256-264},
  date         = {1960},
  journaltitle = {Proceedings of the international conference on information processing},
  owner        = {yky},
  timestamp    = {2009.06.05},
}

@Article{Ng2009,
  author       = {Ng, and Lloyd,},
  title        = {Probabilistic reasoning in a classical logic},
  volume       = {7-2},
  pages        = {218-238},
  date         = {2009},
  doi          = {10.1016/j.physletb.2003.10.071},
  journaltitle = {Journal of applied logic},
  owner        = {yky},
  timestamp    = {2009.11.07},
}

@Article{Ng1992,
  author       = {Ng, and Subrahmanian,},
  title        = {Probabilistic logic programming},
  volume       = {101},
  number       = {2},
  pages        = {150-201},
  date         = {1992},
  journaltitle = {Information and computation},
  owner        = {YKY},
  timestamp    = {2008.07.12},
}

@Book{Nguyen199720002006,
  title     = {A first course in fuzzy logic (1st, 2nd, and 3rd edition)},
  publisher = {Chapman \& Hall /CRC},
  author    = {Nguyen, and Walker,},
  date      = {1997, 2000, 2006},
  owner     = {yky},
  timestamp = {2009.10.19},
}

@Book{Nienhuys-Cheng1997,
  title     = {Foundations of inductive logic programming},
  publisher = {Springer},
  author    = {Nienhuys-Cheng, S. H. and De Wolf, R.},
  date      = {1997},
}

@Article{Niepert2016,
  author    = {Niepert, Mathias and Ahmed, Mohamed and Kutzkov, Konstantin},
  title     = {Learning Convolutional Neural Networks for Graphs},
  bibsource = {dblp computer science bibliography, http://dblp.org},
  biburl    = {http://dblp.uni-trier.de/rec/bib/journals/corr/NiepertAK16},
  date      = {2016},
  owner     = {yky},
  timestamp = {Wed, 07 Jun 2017 14:40:09 +0200},
  url       = {http://arxiv.org/abs/1605.05273},
}

@Article{Nilsson1986,
  author       = {Nilsson,},
  title        = {Probabilistic logic},
  volume       = {28},
  number       = {1},
  pages        = {71-87},
  date         = {1986},
  journaltitle = {Artificial Intelligence},
  owner        = {YKY},
  timestamp    = {2008.07.12},
}

@Book{Novak1999,
  title     = {Mathematical principles of fuzzy logic},
  publisher = {Kluwer Academic Press},
  author    = {Novak, and Perfilieva, and Mockor,},
  date      = {1999},
  owner     = {yky},
  timestamp = {2009.10.19},
}

@Book{Ostrovskii2013,
  title     = {Metric embeddings: bi-Lipschitz and coarse embeddings into Banach spaces},
  publisher = {De Gruyter},
  author    = {Ostrovskii,},
  date      = {2013},
  owner     = {yky},
  timestamp = {2015.06.08},
}

@TechReport{Page1999,
  author    = {Page, Lawrence and Brin, Sergey and Motwani, Rajeev and Winograd, Terry},
  title     = {The PageRank Citation Ranking: Bringing Order to the Web},
  date      = {1999},
  owner     = {yky},
  publisher = {Stanford InfoLab},
  timestamp = {2016.09.14},
}

@Book{Parsons2001,
  title     = {Qualitative methods for reasoning under uncertainty},
  publisher = {MIT},
  author    = {Parsons,},
  date      = {2001},
  owner     = {YKY},
  timestamp = {2008.07.12},
}

@InBook{Partee1997,
  chapter   = {Montague Grammar},
  pages     = {5-92},
  title     = {Handbook of logic and language},
  publisher = {MIT},
  author    = {Partee, and Hendriks,},
  editor    = {Benthem, van and Meulen, ter},
  date      = {1997},
  owner     = {Administrator},
  timestamp = {2012.07.12},
}

@Book{Pearl2000,
  title     = {Causality: models, reasoning, and inference},
  publisher = {Cambridge},
  author    = {Pearl,},
  date      = {2000},
  owner     = {yky},
  timestamp = {2009.11.16},
}

@Book{Pearl1988,
  title     = {Probabilistic Reasoning in Intelligent Systems - Networks of Plausible Inference},
  publisher = {Morgan Kaufmann, California},
  author    = {Pearl,},
  date      = {1988},
  owner     = {YKY},
  timestamp = {2008.07.12},
}

@Article{Perlis1996,
  author       = {Perlis, and Purang,},
  title        = {Conversational Adequacy: Mistakes are the Essence},
  volume       = {48},
  pages        = {553-575},
  date         = {1996},
  journaltitle = {Int. J. Human-Computer Studies},
}

@Article{Pless2001,
  author       = {Pless, and Luger,},
  title        = {Towards general analysis of recursive probabilistic models},
  date         = {2001},
  journaltitle = {Proceedings of conference of uncertainty in aritificial intelligence (San Francisco)},
  owner        = {yky},
  timestamp    = {2009.11.02},
}

@Book{Plotkin1994,
  title     = {Universal algebra, algebraic logic, and databases},
  publisher = {Kluwer},
  author    = {Plotkin,},
  date      = {1994},
  owner     = {YKY},
  timestamp = {2012.03.26},
}

@Book{Pollock2006,
  title     = {Thinking about acting},
  publisher = {OUP},
  author    = {Pollock,},
  date      = {2006},
  owner     = {yky},
  timestamp = {2009.06.19},
}

@Book{Prehofer1998,
  title     = {Solving higher-order equations {--} from logic to programming},
  publisher = {Birkhauser},
  author    = {Prehofer,},
  date      = {1998},
  owner     = {YKY},
  timestamp = {2012.03.22},
}

@Article{DeRaedt2004,
  author       = {Raedt, De and Kersting,},
  title        = {Probabilistic inductive logic programming},
  pages        = {19-36},
  date         = {2004},
  journaltitle = {Lecture notes in computer science},
  publisher    = {Springer},
}

@Book{DeRaedt2008,
  title     = {Logical and relational learning},
  publisher = {Springer},
  author    = {Raedt, Luc De},
  date      = {2008},
}

@Book{Read1995,
  title     = {Thinking about logic {--} an introduction to the philosophy of logic},
  publisher = {OPUS},
  author    = {Read,},
  date      = {1995},
  owner     = {yky},
  timestamp = {2009.10.15},
}

@Article{Richardson2006,
  author       = {Richardson, and Domingos,},
  title        = {Markov logic networks},
  volume       = {62},
  pages        = {107-136},
  date         = {2006},
  journaltitle = {Journal of machine learning},
  owner        = {yky},
  timestamp    = {2009.11.02},
}

@Article{Robinson1965,
  author       = {Robinson,},
  title        = {A machine-oriented logic based on the resolution principle},
  volume       = {5},
  pages        = {23-41},
  date         = {1965},
  journaltitle = {Communications of the ACM},
  owner        = {Administrator},
  timestamp    = {2012.07.13},
}

@Article{Rong2014,
  author       = {Rong,},
  title        = {Word2vec parameter learning explained},
  date         = {2014},
  journaltitle = {arXiv},
  owner        = {yky},
  timestamp    = {2015.07.23},
}

@Book{Russell2003,
  title     = {Artificial Intelligence - a modern approach},
  publisher = {Prentice Hall},
  author    = {Russell, and Norvig,},
  date      = {2003},
  owner     = {YKY},
  timestamp = {2008.09.05},
}

@Book{Russell1910,
  title     = {Principia mathematica},
  publisher = {Cambridge (1910, 1912, 1913)},
  author    = {Russell, and Whitehead,},
  date      = {1910},
  owner     = {Administrator},
  timestamp = {2012.07.13},
}

@Book{Sorensen2006,
  title     = {Lectures on the Curry-Howard isomorphism},
  publisher = {Elsevier},
  author    = {S{\o}rensen, and Urzyczyn,},
  date      = {2006},
  owner     = {yky},
  timestamp = {2018.02.02},
}

@Article{Sainsbury1986,
  author       = {Sainsbury,},
  title        = {Degrees of belief and degrees of truth},
  volume       = {15},
  pages        = {97-106},
  date         = {1986},
  journaltitle = {Philosophical Papers},
  owner        = {YKY},
  timestamp    = {2008.08.24},
}

@Article{Sato1997,
  author       = {Sato, and Kameya,},
  title        = {PRISM: A Language for Symbolic-Statistical Modeling},
  pages        = {1330-1339},
  date         = {1997},
  journaltitle = {IJCAI},
  owner        = {YKY},
  timestamp    = {2008.07.12},
  url          = {http://sato-www.cs.titech.ac.jp/prism/},
}

@Book{Schmid2003,
  title     = {Inductive synthesis of functional programs},
  publisher = {Springer},
  author    = {Schmid,},
  date      = {2003},
  owner     = {yky},
  timestamp = {2009.06.13},
}

@Book{Schmidt2010,
  title     = {Relational mathematics},
  publisher = {Cambridge},
  author    = {Schmidt, Gunther},
  date      = {2010},
  owner     = {yky},
  timestamp = {2016.09.15},
}

@Article{Sensoy2011,
  author       = {Sensoy, and Mel, de and Vasconcelos, and Norman,},
  title        = {Ontological logic programming},
  date         = {2011},
  journaltitle = {International conference on web intelligence, mining and semantics},
  owner        = {Administrator},
  timestamp    = {2012.10.25},
}

@InProceedings{sensoy2011,
  author    = {Sensoy, Murat and de Mel, Geeth and Vasconcelos, W. and Norman, T.},
  title     = {Ontological Logic Programming},
  booktitle = {In Proceedings of International Conference on Web Intelligence, Mining and Semantics (WIMS11). Sogndal, Norway: ACM},
  date      = {2011},
}

@Book{Shafer1996,
  title     = {The art of causal conjecture},
  publisher = {MIT},
  author    = {Shafer,},
  date      = {1996},
  owner     = {yky},
  timestamp = {2009.11.16},
}

@Book{Shapiro2006,
  title     = {Vagueness in Context},
  publisher = {Oxford university press},
  author    = {Shapiro,},
  date      = {2006},
  owner     = {YKY},
  timestamp = {2008.08.24},
}

@Article{Shenoy2005,
  author       = {Shenoy, and Cobb,},
  title        = {Modeling Nonlinear Deterministic Relationships in Bayesian Networks},
  date         = {2005},
  journaltitle = {Working paper no.310, April 2005, School of Business, Univ of Kansas},
  owner        = {yky},
  timestamp    = {2009.10.15},
  url          = {http://web.ku.edu/~pshenoy/Papers/WP310.pdf},
}

@Article{Siegelmann1991,
  author       = {Siegelmann, and Sontag,},
  title        = {Turing computability with neural nets},
  date         = {1991},
  journaltitle = {Applied Mathematics Letters, vol 4, p77-80},
  owner        = {yky},
  timestamp    = {2015.11.19},
}

@Article{Smale1967,
  author       = {Smale, Stephen},
  title        = {Differentiable dynamical Systems},
  date         = {1967},
  journaltitle = {Bulletin of the American Mathematical Society},
  owner        = {yky},
  timestamp    = {2016.09.14},
}

@Book{Smith2008,
  title     = {Vagueness and degrees of truth},
  publisher = {Oxford},
  author    = {Smith,},
  date      = {2008},
  owner     = {yky},
  timestamp = {2009.10.15},
}

@Book{Smolensky2006,
  title     = {The harmonic mind, vol 1: cognitive architecture},
  publisher = {MIT Press},
  author    = {Smolensky, and Legendre,},
  date      = {2006},
  owner     = {yky},
  timestamp = {2015.06.08},
}

@Book{Snyder1991,
  title     = {A proof theory for general unification},
  publisher = {Birkhauser},
  author    = {Snyder,},
  date      = {1991},
  owner     = {YKY},
  timestamp = {2012.03.22},
}

@Article{Socher2013,
  author       = {Socher, and Chen, and Manning, and Ng,},
  title        = {Reasoning with neural tensor networks for knowledge base completion},
  date         = {2013},
  journaltitle = {NIPS},
  owner        = {yky},
  timestamp    = {2015.06.08},
}

@Book{Sowa2000,
  title     = {Knowledge representation - logical, philosophical, and computational foundations},
  publisher = {Brooks/Cole},
  author    = {Sowa,},
  date      = {2000},
  owner     = {yky},
  timestamp = {2009.06.05},
}

@Article{Stickel1988,
  author       = {Stickel,},
  title        = {A Prolog technology theorem prover: implementation by an extended Prolog compiler},
  volume       = {4:4},
  pages        = {353-380},
  date         = {1988},
  journaltitle = {Journal of Automated Reasoning},
  owner        = {YKY},
  timestamp    = {2008.08.22},
  url          = {http://www.ai.sri.com/~stickel/pttp.html},
}

@Book{Streicher2006,
  title     = {Domain-theoretical foundations of functional programming},
  publisher = {World Scientific},
  author    = {Streicher,},
  date      = {2006},
  owner     = {YKY},
  timestamp = {2011.05.21},
}

@Article{Sundgren2006,
  author    = {Sundgren, and Danielson, and Ekenberg,},
  title     = {Some Second Order Effects on Interval Based Probabilities},
  pages     = {848-853},
  bibsource = {DBLP, http://dblp.uni-trier.de},
  booktitle = {FLAIRS Conference},
  date      = {2006},
}

@Book{Tel2006,
  title     = {Chaotic dynamics: an Introduction based on classical mechanics},
  publisher = {Cambridge},
  author    = {T{\'{e}}l, Tam{\'{a}}s and Gruiz, M{\'{a}}rton},
  date      = {2006},
  owner     = {yky},
  timestamp = {2016.09.15},
}

@Article{Tadepalli2004,
  author    = {Tadepalli, P. and Givan, R. and Driessens, K.},
  title     = {Relational reinforcement learning: An overview},
  volume    = {4},
  pages     = {1-9},
  booktitle = {Proceedings of the ICML},
  date      = {2004},
}

@Book{Tarski1985,
  title     = {Cylindric algebras, Part II},
  author    = {Tarski, and Henkin, and Monk,},
  date      = {1985},
  owner     = {Administrator},
  timestamp = {2013.03.09},
}

@Book{Tarski1971,
  title     = {Cylindric algebras, Part I},
  author    = {Tarski, and Henkin, and Monk,},
  date      = {1971},
  owner     = {Administrator},
  timestamp = {2013.03.09},
}

@Book{Thornton2000,
  title     = {Truth from trash {--} how learning makes sense},
  publisher = {MIT},
  author    = {Thornton,},
  date      = {2000},
  owner     = {YKY},
  timestamp = {2008.07.12},
}

@Article{Thornton1996,
  author       = {Thornton,},
  title        = {Parity: the problem that won{'}t go away},
  pages        = {362-374},
  date         = {1996},
  journaltitle = {McCalla (Ed.), Proceeding of AI-96 (Toronto, Canada)},
  owner        = {YKY},
  timestamp    = {2008.08.13},
  url          = {http://www.cogs.susx.ac.uk/users/christ/papers/parity-here-to-stay.pdf},
}

@Book{Walley1991,
  title     = {Statistical reasoning with imprecise probabilities},
  publisher = {Chapman and Hall},
  author    = {Walley,},
  date      = {1991},
  owner     = {YKY},
  timestamp = {2008.07.14},
}

@Book{Wang2013,
  title     = {Non-axiomatic logic: a model for intelligent reasoning},
  publisher = {World Scientific (in press)},
  author    = {Wang,},
  date      = {2013},
  owner     = {Administrator},
  timestamp = {2013.03.24},
}

@Book{Wang2006,
  title     = {Rigid Flexibility - The Logic of Intelligence},
  publisher = {Springer applied logic series},
  author    = {Wang,},
  date      = {2006},
  owner     = {YKY},
  timestamp = {2008.07.12},
}

@Article{Wang1994,
  author       = {Wang,},
  title        = {Reference Classes and Multiple Inheritances},
  date         = {1994},
  journaltitle = {Technical Report No. 91, The Center for Research on Concepts and Cognition},
  owner        = {YKY},
  timestamp    = {2008.08.22},
  url          = {http://www.cogsci.indiana.edu/farg/peiwang/papers.html#reference_classes},
}

@Article{Wellman1992,
  author       = {Wellman, and Breese, and Goldman,},
  title        = {From knowledge bases to decision models},
  volume       = {7},
  number       = {1},
  pages        = {35-53},
  date         = {1992},
  journaltitle = {Knowledge Engineering Review},
  owner        = {YKY},
  timestamp    = {2008.07.12},
}

@Article{Weston2015,
  author       = {Weston, and Chopra, and Bordes,},
  title        = {Memory networks},
  date         = {2015},
  journaltitle = {ICLR (also arXiv)},
  owner        = {yky},
  timestamp    = {2015.07.27},
}

@Book{Williamson2005,
  title     = {Bayesian nets and causality},
  publisher = {Oxford},
  author    = {Williamson,},
  date      = {2005},
  owner     = {yky},
  timestamp = {2009.11.16},
}

@Book{Williamson1994,
  title     = {Vagueness},
  publisher = {London: Routledge},
  author    = {Williamson,},
  date      = {1994},
  owner     = {YKY},
  timestamp = {2008.08.24},
}

@Book{Wrobel1994,
  title     = {Concept formation and knowledge revision},
  publisher = {Kluwer academic press},
  author    = {Wrobel,},
  date      = {1994},
  owner     = {YKY},
  timestamp = {2008.08.21},
}

@InCollection{Yaacov2008,
  author    = {Yaacov, Ita{\"{i}} Ben and Berenstein, Alexander and Henson, C. Ward and Usvyatsov, Alexander},
  title     = {Model theory for metric structures},
  booktitle = {Model theory with applications to algebra and analysis, vol 2},
  publisher = {Cambridge},
  date      = {2008},
  owner     = {yky},
  timestamp = {2016.10.02},
}

@Book{YanGenifer,
  title     = {Genifer {--} an artificial general intelligence},
  publisher = {http://launchpad.net/agi-book (currently electronic version only)},
  author    = {Yan,},
  date      = {2010},
  owner     = {yky},
  timestamp = {2017.02.02},
  url       = {http://launchpad.net/agi-book},
}

@Unpublished{YanBridge,
	Note = {(to be submitted AGI-2017)},
	Owner = {yky},
	Timestamp = {2017.01.21},
	author = {Yan, King Yin},
	title = {A bridge between logic and neural},
}

@Misc{YanILPtutorial,
	Owner = {yky},
	Timestamp = {2017.01.20},
	Url = {https://storage.googleapis.com/google-code-archive-downloads/v2/code.google.com/genifer/Genifer%20-%20induction%20(30%20July%202012).pdf},
	author = {Yan, King Yin},
	title = {ILP tutorial https://storage.googleapis.com/google-code-archive-downloads/v2/code.google.com/genifer/Genifer - induction (30 July 2012).pdf},
}

@Unpublished{YanMemory,
	Note = {(to be submitted AGI-2017)},
	Owner = {yky},
	Timestamp = {2017.01.21},
	author = {Yan, King Yin},
	title = {The structure of memory},
}

@Misc{YanRLtutorialCN,
	Owner = {yky},
	Timestamp = {2017.02.02},
	Url = {https://drive.google.com/file/d/0Bx3\_S9SExak-SG4tUy1fSkVMSDA/view},
	author = {Yan, King Yin},
	title = {Reinforcement learning tutorial https://drive.google.com/file/d/0Bx3_S9SExak-SG4tUy1fSkVMSDA/view},
}

@Misc{YanRLtutorialEN,
	Owner = {yky},
	Timestamp = {2017.02.02},
	Url = {https://drive.google.com/file/d/0Bx3\_S9SExak-X29uazI1YnhoNFU/view?usp=sharing},
	author = {Yan, King Yin},
	title = {Reinforcement learning tutorial https://drive.google.com/file/d/0Bx3_S9SExak-X29uazI1YnhoNFU/view},
}

@Unpublished{YanLabyrinth,
	Note = {(to be submitted AGI-2017)},
	Owner = {yky},
	Timestamp = {2017.02.02},
	author = {Yan, King Yin and Pinto, Juan Carlos Kuri and Goertzel, Ben},
	title = {Wandering in the Labyrinth of Thinking {--} a cognitive architecture combining reinforcement learning and deep learning},
}

@Article{Yan2012,
  author       = {Yan, King-Yin},
  title        = {Fuzzy-probabilistic logic for common sense reasoning},
  date         = {2012},
  journaltitle = {Artificial general intelligence 5th international conference, LNCS 7716},
  owner        = {yky},
  timestamp    = {2016.10.05},
}

@Article{Zabell1982,
  author       = {Zabell,},
  title        = {WE Johnson{'}s {'}Sufficientness{'} Postulate},
  volume       = {10:4},
  date         = {1982},
  journaltitle = {The annals of statistics},
  owner        = {YKY},
  timestamp    = {2008.07.12},
}

@Article{Zadeh1996,
  author       = {Zadeh,},
  title        = {{``}Fuzzy logic = computing with words{''}},
  volume       = {4},
  pages        = {103-111},
  date         = {1996},
  journaltitle = {IEEE Transactions on Fuzzy Systems},
  owner        = {YKY},
  timestamp    = {2008.07.12},
}

@Article{Zadeh1965,
  author       = {Zadeh,},
  title        = {Fuzzy sets},
  volume       = {8},
  pages        = {338-353},
  date         = {1965},
  journaltitle = {Information and control},
  owner        = {YKY},
  timestamp    = {2008.07.14},
}

@Book{Zelenyuk2011,
  title     = {Ultrafilters and topologies on groups},
  publisher = {de Gruyter},
  author    = {Zelenyuk, Yevhen},
  date      = {2011},
  owner     = {yky},
  timestamp = {2016.10.02},
}

@Book{Bonzon2000,
  title     = {Formal aspects of context},
  publisher = {Kluwer},
  editor    = {Bonzon, and Cavalcanti, and Nossum,},
  date      = {2000},
  owner     = {yky},
  timestamp = {2009.06.19},
}

@Book{Cohen2005,
  title     = {Handbook of categorization in cognitive science},
  publisher = {Elsevier},
  editor    = {Cohen, and Lefebvre,},
  date      = {2005},
  owner     = {YKY},
  timestamp = {2008.08.25},
}

@Book{Getoor2007,
  title     = {Introduction to statistical relational learning},
  publisher = {MIT Press},
  editor    = {Getoor, and Taskar,},
  date      = {2007},
}

@Book{Graff2002,
  title     = {Vagueness},
  publisher = {Ashgate, Dartmouth},
  editor    = {Graff, and Williamson,},
  date      = {2002},
  owner     = {YKY},
  timestamp = {2008.08.24},
}

@Book{Hammer2007,
  title     = {Perspectives of neural-symbolic integration},
  publisher = {Springer},
  editor    = {Hammer, and Hitzler,},
  date      = {2007},
  owner     = {yky},
  timestamp = {2009.06.20},
}

@Book{Magnani2002,
  title     = {Logical and computational aspects of model-based reasoning},
  publisher = {Kluwer},
  editor    = {Magnani, and Nersessian, and Pizzi,},
  date      = {2002},
  owner     = {yky},
  timestamp = {2016.10.05},
}

@Book{Magnani1999,
  title     = {Model-based reasoning in scientific Discovery},
  publisher = {Kluwer},
  editor    = {Magnani, and Nersessian, and Thagard,},
  date      = {1999},
  owner     = {yky},
  timestamp = {2016.10.05},
}

@Book{Margolis1999,
  title     = {Concepts - core readings},
  publisher = {MIT press},
  editor    = {Margolis, and Laurence,},
  date      = {1999},
  owner     = {YKY},
  timestamp = {2008.08.25},
}

@Book{Muggleton1992,
  title     = {Inductive Logic Programming. Number 38 in APIC series},
  publisher = {Academic Press, London},
  editor    = {Muggleton,},
  date      = {1992},
}

@Book{Nakamura1993,
  title     = {Categorization by humans and machines},
  publisher = {Academic Press},
  editor    = {Nakamura, and Medin, and Taraban,},
  series    = {The psychology of learning and motivation, no 29},
  date      = {1993},
  owner     = {YKY},
  timestamp = {2008.08.25},
}

@Book{Raedt2008,
  title     = {Probabilistic Inductive Logic Programming. LNCS (LNAI), vol. 4911},
  publisher = {Springer, Heidelberg},
  editor    = {Raedt, De and Frasconi, and Kersting, and Muggleton,},
  date      = {2008},
}

@Book{Werning2012,
  title     = {The Oxford handbook of compositionality},
  publisher = {Oxford},
  editor    = {Werning, and Hinzen, and Machery,},
  date      = {2012},
  owner     = {Administrator},
  timestamp = {2012.09.01},
}

@Misc{OLPwebsite2013,
	Owner = {Administrator},
	Timestamp = {2013.03.09},
	Url = {olp-api.sourceforge.net},
	title = {OLP web site: olp-api.sourceforge.net},
}

@Misc{wikiDeepDreaming,
	Owner = {yky},
	Timestamp = {2016.12.04},
	Url = {https://en.wikipedia.org/wiki/Deepdreaming},
	title = {Wikipedia: Deep Dreaming (https://en.wikipedia.org/wiki/Deepdreaming)},
}

@Misc{wikiUniversalApprox,
	Owner = {yky},
	Timestamp = {2017.01.15},
	Url = {https://en.wikipedia.org/wiki/Universal_approximation_theorem},
	title = {Wikipedia: Universal Approximation Theorem (https://en.wikipedia.org/wiki/Universal_approximation_theorem)},
}

@Book{Rydeheard1988,
  title  = {Computational category theory},
  author = {Rydeheard, and Burstall,},
  date   = {1988},
}

@Book{Awodey2006,
  title  = {Category theory},
  author = {Awodey,},
  date   = {2006},
}

@Book{Simmons2011,
  title  = {An introduction to category theory},
  author = {Simmons,},
  date   = {2011},
}

@Book{Miller2005,
  title     = {Combinatorial commutative algebra},
  publisher = {GTM 227},
  author    = {Miller, and Sturmfels,},
  date      = {2005},
}

@Book{Brown2013,
  title     = {Discrete structures and their interactions},
  publisher = {CRC Press},
  author    = {Brown,},
  date      = {2013},
}

@Book{Goldblatt2006,
  title  = {Topoi {--} the categorical analysis of logic},
  author = {Goldblatt,},
  date   = {1984, 2006},
}

@Book{Caramello2018,
  title  = {Theories, sites, toposes {--} relating and studying mathematical theories through topos-theoretic {`}bridges{'}},
  author = {Caramello,},
  date   = {2018},
}

@Book{Vickers1989,
  title  = {Topology via logic},
  author = {Vickers,},
  date   = {1989},
}

@Book{Goubault-Larrecq2013,
  title     = {Non-Hausdorff topology and domain theory {--} selected topics in point-set topology},
  publisher = {Cambridge new mathematical monographs 22},
  author    = {Goubault-Larrecq,},
  date      = {2013},
}

@Article{Battaglia2018,
  author = {Battaglia, and others,},
  title  = {Relational inductive bias, deep learning, and graph networks},
  date   = {2018},
  url    = {https://arxiv.org/pdf/1806.01261.pdf},
}

@Article{Grilliette2017,
  author        = {Grilliette,},
  title         = {A Functorial Link between Quivers and Hypergraphs},
  __markedentry = {[yky:]},
  date          = {2017-07},
  url           = {https://www.researchgate.net/publication/305787097_A_Functorial_Link_between_Quivers_and_Hypergraphs},
}

@Book{Bertsekas2013,
  title  = {Abstract dynamic programming},
  author = {Bertsekas},
  date   = {2013},
}

@Book{Lawvere1997,
  title     = {Conceptual mathematics},
  publisher = {Cambridge},
  author    = {Lawvere and Schanuel},
  date      = {1991, 1997, 2009},
}

@Book{Henrot2018,
  title     = {Shape variation and optimization},
  publisher = {EMS tracts in mathematics 28},
  author    = {Henrot and Pierre},
  date      = {2018},
}

@Book{Li2008,
  title     = {An introduction to Kolmogorov complexity and its application (3rd edition)},
  publisher = {Springer},
  author    = {Li and Vitanyi},
  date      = {2008},
}

@Comment{jabref-meta: databaseType:bibtex;}
